4966 6294
370 1244 484 1328 Hasce
511 1262 653 1350 plagulas
681 1281 781 1344 aequo
811 1261 948 1323 virorum
975 1259 1137 1325 doctorum
1163 1260 1275 1324 iudicio
1298 1261 1402 1345 paucis
1425 1263 1651 1327 commendatas
1672 1262 1774 1326 velim.

373 1363 503 1432 Obtinet
522 1361 603 1424 inter
619 1358 779 1422 thesauros
800 1357 899 1422 Musei
915 1357 1086 1422 Britannici
1104 1379 1198 1420 manu
1215 1353 1345 1442 scriptos¹
1361 1358 1515 1443 insignem
1531 1359 1635 1423 locum
1653 1361 1894 1446 evangeliarium
1910 1361 1995 1427 Nero
2013 1363 2044 1427 D
2062 1363 2117 1428 IV
2134 1364 2236 1450 signa·

244 1474 324 1545 tum,
345 1462 429 1549 quod
446 1482 486 1524 ex
504 1459 562 1520 viri
583 1457 680 1521 sancti
702 1456 840 1535 nomine,
859 1455 892 1518 in
912 1455 999 1520 cuius
1016 1456 1167 1520 honorem
1185 1457 1267 1519 circa
1286 1455 1381 1520 finem
1402 1457 1498 1520 seculi
1511 1457 1579 1520 VH
1599 1458 1639 1521 ab
1660 1456 1810 1522 Eddfrido
1826 1459 1860 1542 (†
1875 1457 2071 1546 Dcoxxl),
2090 1461 2237 1528 ecclesiae

246 1557 524 1624 Lindisiarneensis
552 1555 709 1641 episcopo,
730 1554 809 1618 mira
833 1575 904 1618 cum
931 1565 997 1618 arte
1024 1563 1184 1618 exaratum
1212 1563 1273 1635 est,
1302 1555 1415 1618 librum
1443 1553 1477 1621 S.
1506 1553 1670 1620 Outhberti
1696 1556 1731 1639 (†
1759 1555 1833 1620 XX.
1860 1563 1949 1622 Mart
1970 1557 2235 1646 DOLXXXVH)

247 1657 405 1744 appellare
426 1655 534 1720 solent.
577 1650 674 1732 Sunt,
695 1651 748 1737 qui
769 1651 902 1715 eundem
923 1650 1038 1716 librum
1059 1673 1077 1713 a
1098 1650 1190 1732 locis,
1212 1650 1265 1715 ubi
1287 1673 1349 1715 una
1369 1674 1439 1716 cum
1459 1653 1596 1737 reliquiis
1616 1653 1712 1716 sancti
1733 1653 1916 1719 confessoris
1935 1676 1991 1742 per
2011 1656 2108 1720 multa
2132 1657 2238 1722 secula

247 1763 419 1819 asservatus
447 1767 507 1830 est,
535 1750 585 1814 vel
613 1747 931 1828 Lindisfarneensem,
957 1747 1008 1812 vel
1034 1747 1294 1829 Dunelmensem,
1323 1751 1467 1815 vocitent.
1518 1749 1581 1816 Sed
1610 1771 1680 1814 cum
1708 1751 1853 1816 universa
1878 1753 2059 1818 nobilissimi
2088 1754 2179 1819 huius
2207 1763 2238 1820 et

248 1851 368 1939 pietatis
389 1859 419 1913 et
438 1846 606 1912 industriae
626 1845 773 1932 pristinae
791 1845 983 1910 monumenti
1008 1844 1136 1908 historia
1162 1847 1370 1912 memorabilis
1398 1848 1470 1912 satis
1491 1848 1530 1912 sit
1550 1858 1636 1929 nota,
1666 1857 1795 1935 propter
1821 1850 1947 1916 nomina
1966 1861 2086 1918 tantum
2105 1854 2138 1916 in
2158 1874 2238 1917 mar·

247 1949 321 2035 gine
338 1947 482 2011 inferiore
503 1944 635 2032 paginae
655 1943 774 2029 primae
794 1943 950 2030 apposita,
970 1943 1048 2007 haec
1067 1943 1243 2008 adnotanda
1264 1965 1330 2009 esse
1350 1945 1425 2009 mihi
1447 1946 1598 2010 videntur.

372 2042 580 2111 Oe'bilualdus
601 2041 815 2125 (AEselwolu‚
836 2045 859 2122 †
878 2039 1128 2126 DOGXXXX),
1150 2039 1289 2106 Etdiridi
1310 2042 1342 2106 in
1363 2045 1539 2132 episcopatu
1559 2065 1733 2128 successor,
1761 2045 1899 2110 codicem
1918 2046 1999 2112 inter
2018 2044 2154 2128 κειμήλια
2174 2068 2240 2112 mo-

249 2142 373 2206 nasterii
393 2141 674 2205 Lindisfarneensis
695 2149 892 2204 numeratum
917 2137 1103 2222 imaginibus
1123 2149 1154 2202 et
1173 2138 1269 2204 literis
1289 2141 1464 2207 maiusculis
1485 2143 1649 2208 artificiose
1669 2143 1797 2230 expietis
1818 2144 1998 2228 illustravit,
2017 2157 2048 2212 et
2068 2170 2088 2210 a
2106 2145 2239 2211 Bilfrido

250 2240 435 2305 anachoreta
462 2239 612 2326 gemmis,
644 2260 720 2303 auro
749 2247 781 2302 et
806 2245 937 2324 argento
973 2236 1199 2318 circumclusis,
1234 2238 1425 2304 extrinsecus
1452 2240 1626 2306 ornandum
1651 2242 1777 2306 curavit
1827 2241 1919 2308 Circa
1945 2244 2081 2310 medium
2108 2244 2241 2329 denique

249 2339 386 2406 seculum
405 2337 473 2402 XII
496 2337 661 2424 presbyter
680 2336 806 2422 quidam
826 2335 1001 2416 Aldrddus,
1020 2335 1198 2399 monasterii
1218 2335 1453 2420 Dunelmensis,
1475 2339 1519 2404 uti
1540 2340 1692 2404 coniicere
1711 2339 1796 2421 licet,
1817 2340 1932 2422 incola,
1952 2341 2088 2408 codicem
2109 2342 2241 2407 vocabu-

249 2439 287 2502 lis
307 2437 453 2523 anglicis,
474 2456 554 2521 quae
575 2434 677 2499 latinis
698 2435 926 2522 superscripsit,
947 2443 1046 2500 totum
1065 2433 1283 2520 interpretatus
1303 2444 1358 2500 est
1400 2436 1468 2502 Has
1488 2438 1721 2524 evangeliorum
1740 2438 1873 2524 glossas,
1901 2439 2065 2504 dialectum
2086 2438 2242 2505 Northan·

250 2537 457 2622 hymbrorum
479 2535 664 2615 referentes,
688 2532 722 2597 in
742 2533 822 2597 libro
843 2532 1007 2620 separatim
1030 2531 1111 2597 edito
1132 2532 1174 2596 ita
1193 2532 1307 2619 digessi
1329 2542 1360 2598 et
1387 2535 1538 2622 disposui,
1566 2547 1601 2600 ut
1627 2537 1803 2600 continuam
1829 2538 2000 2604 orationem
2027 2538 2185 2604 efficerent
2212 2546 2243 2603 et

251 2656 330 2716 uno,
351 2645 386 2698 ut
405 2635 507 2714 aiunt,
529 2643 638 2698 tenore
659 2631 722 2718 legi
742 2642 881 2718 possent,
903 2630 1030 2696 adiectis
1047 2638 1207 2716 praeterea
1227 2631 1467 2719 praefationibus
1488 2655 1657 2720 earumque
1675 2635 1803 2720 glossis,
1830 2645 1982 2724 quotquot
2008 2646 2075 2701 tum
2094 2637 2127 2700 in
2146 2637 2242 2700 mani-

250 2735 308 2798 bus
328 2733 490 2797 habebam.
1558 2722 1565 2739 '

379 2829 424 2898 Ut
446 2851 520 2894 vero
542 2841 714 2916 susceptam
734 2851 753 2890 a
774 2848 825 2891 me
846 2847 973 2914 operam
993 2825 1034 2890 ad
1055 2835 1174 2889 certium
1195 2825 1351 2911 quendam
1370 2826 1465 2892 finem
1485 2829 1701 2915 perducerem,
1723 2831 1756 2894 in
1776 2831 1928 2917 Angliam
1949 2834 2104 2917 profectus
2123 2833 2242 2918 glossas

254 2930 345 2992 ctiam
365 2939 439 2992 tunc
460 2927 590 2991 ineditas
611 2949 629 2991 e
649 2928 756 2992 codice
775 2925 842 3011 ipse
863 2924 1022 3010 descripsi,
1048 2945 1124 3010 quas
1146 2945 1245 3005 nunc,
1272 2925 1354 3010 typis
1374 2925 1553 3012 impressas,
1580 2927 1613 2989 in
1640 2929 1762 3015 paginis
1786 2931 1886 2992 1-17
1907 2932 1991 2994 foras
2013 2932 2151 2996 emittere
2171 2953 2242 2995 con-

254 3025 346 3089 stitui.
382 3025 440 3088 His
461 3024 587 3088 adiunxi
608 3026 652 3108 (in
674 3047 716 3111 pp
736 3025 777 3088 65
799 3032 830 3086 et
850 3024 903 3108 66)
929 3023 1151 3109 praefationem
1178 3022 1306 3087 Eusebii
1332 3023 1372 3087 ad
1393 3023 1583 3112 Carpianum
1611 3025 1730 3108 datam,
1763 3049 1843 3112 quae
1869 3050 1889 3090 a
1912 3027 2045 3115 Josepdo
2072 3029 2243 3109 Stenarmoa,

254 3147 336 3188 anno
357 3121 596 3204 MDGOOLIV,
624 3133 695 3187 ante
712 3121 848 3208 glossam
869 3121 1023 3206 evangelii
1043 3121 1190 3185 Matthaei
1208 3119 1501 3204 Lindisfarneensis,
1528 3124 1629 3210 primo
1657 3125 1739 3190 edita
1766 3126 1860 3208 est⁸)
1902 3125 1975 3206 Quo
2005 3127 2085 3192 iacto
2105 3148 2244 3192 accessus

254 3222 294 3286 ad
314 3222 434 3308 glossas
454 3221 545 3285 huius
563 3221 676 3286 codicis
696 3221 832 3304 integras
849 3219 1007 3298 omnibus,
1029 3219 1139 3303 quibus
1160 3219 1234 3282 talia
1255 3219 1341 3284 cordi
1361 3229 1448 3301 sunt,
1469 3243 1552 3285 nunc
1571 3231 1663 3308 patet.

383 3319 529 3387 Secundo
559 3320 645 3400 loco,
674 3320 707 3382 in
734 3340 776 3404 pp
805 3317 844 3379 17
872 3315 912 3380 ad
937 3315 995 3396 23,
1021 3316 1195 3379 versionem
1223 3318 1401 3381 saxonicam
1428 3319 1641 3403 quaestionum
1662 3319 1789 3385 Alcuini
1817 3323 1849 3384 in
1877 3322 2022 3407 genesin,
2049 3344 2106 3409 per
2137 3323 2245 3388 orbem

255 3419 454 3483 christianum
475 3419 569 3486 medii
588 3419 668 3484 aevii
686 3436 878 3505 magnopere
900 3413 1139 3494 celebratarum,
1161 3434 1253 3498 quam
1273 3414 1443 3478 monachus
1463 3417 1588 3480 natione
1609 3415 1695 3483 Saxo
1717 3418 1913 3483 occidentalis
1935 3419 2016 3483 circa
2035 3419 2130 3485 finem
2150 3421 2245 3486 seculi

255 3517 307 3581 IX
326 3518 436 3584 fecisse
463 3518 599 3600 videtur,
626 3516 863 3604 imprimendam
892 3513 1014 3593 curavi,
1046 3511 1170 3597 qualem
1196 3511 1341 3576 ecodice
1371 3511 1566 3578 homiliarum
1594 3513 1795 3595 Cottoniano,
1822 3515 1928 3581 Jalics
1955 3515 1988 3581 Ε
2019 3517 2093 3581 VH
2114 3519 2245 3604 signato,

255 3617 323 3702 ipse
343 3615 500 3700 descripsi.
538 3615 697 3701 Interpres
719 3611 805 3680 Saxo
826 3634 866 3678 ex
886 3609 1015 3676 Alcuini
1035 3631 1142 3696 opere,
1162 3609 1247 3696 quod
1267 3609 1523 3697 interrogationes
1543 3633 1673 3678 numero
1693 3610 1928 3678 CCLXXVIII
1948 3617 2197 3702 comprehendit,
2216 3629 2247 3683 et

258 3710 422 3774 LXVIIII
443 3722 561 3775 tantum
581 3714 715 3776 maxime
740 3710 946 3791 necessarias,
967 3711 1026 3794 ,pt
1045 3708 1324 3792 nannetensem«
1351 3720 1386 3774 ut
1405 3709 1471 3797 ipse
1491 3711 1548 3792 ait,
1577 3711 1685 3796 elegit,
1706 3733 1765 3776 nec
1783 3712 1944 3799 exemplar
1963 3713 2092 3779 latinum
2105 3725 2247 3781 accurate

259 3807 424 3895 expressit,
451 3807 508 3870 sed
537 3809 630 3872 modo
658 3811 691 3872 in
719 3810 928 3895 angustiorem
952 3808 1085 3871 formam
1113 3808 1280 3888 contraxit,
1305 3807 1399 3873 modo
1419 3807 1633 3874 additamentis
1661 3809 1853 3895 longioribus
1873 3811 2060 3898 interpositis
2080 3814 2245 3901 ampliavit

259 3908 379 3992 Atque,
409 3913 442 3967 ut
467 3903 579 3968 clarius
600 3903 748 3985 eluceret,
775 3925 855 3989 quae
874 3904 952 3968 ratio
972 3903 1177 3969 intercederet
1196 3906 1277 3969 inter
1298 3905 1470 3970 versionem
1494 3907 1671 3972 saxonicam
1691 3917 1721 3971 et
1740 3908 1888 3993 scriptum
1906 3909 2125 3997 archetypum,
2153 3913 2246 3977 huius

261 4025 405 4068 numeros
425 4003 512 4066 uncis
532 4002 666 4067 inclusos
687 4002 816 4088 singulis
838 4001 1067 4086 quaestionibus
1092 4003 1261 4087 anteposui.
1302 4002 1352 4068 Ita
1378 4003 1470 4068 etiam
1491 4004 1527 4085 ii,
1557 4005 1609 4091 qui
1629 4004 1750 4068 dialecti
1768 4006 2047 4092 Anglosaxonum,
2070 4032 2149 4096 quae
2175 4010 2247 4076 dici·

259 4114 324 4180 tur,
346 4101 447 4165 minus
468 4102 558 4188 periti
579 4113 665 4183 sunt,
686 4103 712 4164 si
733 4095 893 4187 exemplar
912 4099 1042 4164 latinum
1063 4099 1248 4181 evolverint,
1275 4102 1417 4165 omnibus
1438 4101 1513 4167 locis
1534 4103 1792 4188 interpretationis
1813 4105 1976 4170 saxonicae
1997 4127 2102 4171 veram
2125 4119 2247 4174 senten-

258 4205 332 4267 tiam
352 4201 546 4288 perspicient.

382 4299 504 4364 Eodem
525 4299 652 4364 consilio
671 4300 857 4386 glossarium
877 4297 991 4379 adieci,
1019 4319 1111 4362 voces
1140 4319 1204 4361 non
1230 4297 1331 4363 solum
1359 4298 1516 4384 explicans
1542 4317 1609 4378 eas,
1638 4319 1716 4382 quae
1736 4298 2082 4385 ininterrogationibus
2104 4300 2247 4390 Siga-ulfi

260 4399 312 4464 vel
332 4399 461 4463 Alcuini
478 4398 639 4483 legrmtur,
666 4398 721 4463 sed
742 4419 793 4462 eas
814 4417 953 4484 quoque,
982 4417 1062 4481 quae
1082 4393 1114 4458 in
1133 4394 1213 4458 libro
1234 4395 1289 4458 has
1311 4397 1453 4481 proxime
1473 4395 1659 4481 excipiente,
1685 4405 1830 4477 tractatu,
1859 4397 1944 4480 dico,
1973 4399 2033 4478 ,de
2059 4402 2247 4488 temporibus

260 4498 353 4562 anni“
381 4507 554 4561 occurrunt
595 4495 698 4574 Quem
728 4495 842 4560 librum
870 4516 1056 4581 quamquam
1084 4494 1236 4580 interpres
1262 4493 1348 4559 Saxo
1374 4494 1440 4580 ipse
1468 4493 1541 4557 dicit
1565 4515 1582 4558 e
1609 4493 1714 4559 Bedae
1743 4493 1937 4559 Venerabilis
1973 4496 2086 4583 scripto
2118 4499 2247 4564 eandem

261 4618 327 4660 rem
349 4602 499 4658 tractmte
520 4615 588 4659 esse
608 4594 797 4676 desumtum,
826 4593 986 4679 exemplar
1006 4601 1110 4655 tamen
1130 4591 1260 4656 latinum
1280 4591 1360 4672 eius,
1388 4590 1472 4676 quod
1493 4591 1602 4671 sciam,
1627 4600 1727 4656 exstat
1747 4592 1874 4655 nullum.
1916 4592 2020 4658 Editio
2042 4596 2183 4682 princeps
2203 4605 2249 4660 est

262 4718 312 4774 ea,
342 4714 435 4778 quam
461 4692 592 4756 thama
617 4693 751 4778 Wm‘pltt,
779 4691 922 4756 ecodice
941 4689 1143 4771 Cottoniano,
1169 4689 1310 4754 Tiberius
1330 4689 1362 4754 B
1388 4689 1419 4753 V
1435 4691 1569 4776 signato,
1598 4683 1742 4776 impensis
1763 4691 1915 4755 societatis
1937 4693 2095 4757 cuiusdam
2116 4692 2248 4759 erudito-

261 4815 348 4872 rum,
369 4812 451 4854 anno
473 4788 706 4857 MDOOGXLI
726 4790 859 4869 curavit,
884 4788 988 4853 addita
1011 4788 1152 4852 versione
1173 4789 1303 4874 anglica.
1346 4789 1417 4875 Ego
1438 4789 1533 4869 iufra,
1555 4787 1586 4850 in
1608 4811 1651 4874 pp
1672 4789 1713 4852 23
1733 4788 1774 4852 ad
1794 4789 1852 4870 31,
1871 4797 1990 4854 textum
2012 4789 2249 4876 imprimendum

263 4891 368 4955 curavi
389 4910 407 4953 e
427 4888 532 4953 codice
553 4888 757 4953 bibliothecae
776 4887 917 4974 publicae
939 4884 1216 4972 cantabrigiensis,
1237 4887 1322 4950 cuius
1343 4886 1489 4952 lectiones
1510 4885 1550 4950 ab
1571 4886 1638 4971 ipso
1659 4907 1729 4950 cum
1748 4885 1881 4952 editione
1901 4888 2102 4974 Wrightiana
2122 4887 2249 4952 collatas

262 4987 465 5052 Batiaminas
489 4985 609 5072 Ther-pe
628 5008 750 5051 mecum
770 4984 1015 5050 communicavit
1057 4983 1220 5049 Lectiones
1247 4994 1348 5049 autem
1376 4985 1407 5046 in
1432 4983 1501 5046 imis
1521 4985 1643 5070 paginis
1670 4983 1806 5048 adiectae
1835 4985 1947 5049 codicis
1975 4994 2046 5048 sunt
2074 4984 2248 5050 Cottoniani

266 5085 406 5151 Tiberius
427 5084 458 5148 B
483 5084 514 5148 V
532 5084 633 5150 denuo
653 5084 765 5149 collati.

299 5265 322 5329 ‘l
348 5268 504 5331 Quamquam
527 5270 578 5317 iam
600 5283 665 5318 anno
690 5268 910 5318 Muoocmlv
935 5269 994 5316 hacc
1015 5266 1136 5329 praelatio
1159 5269 1280 5328 impressa
1301 5265 1350 5314 tuit
1372 5273 1429 5314 ante
1452 5267 1624 5317 collectorem
1645 5269 1787 5318 versionum
1804 5265 1987 5326 evangeliorum
2003 5267 2188 5330 saxonicarum,
2210 5273 2250 5318 in·

348 5359 445 5413 ceptam
461 5353 532 5401 illam
548 5367 564 5401 a
581 5355 731 5402 Bentnmtno
753 5353 847 5413 Therae
864 5358 889 5399 et
905 5353 1019 5401 rosanae
1037 5353 1071 5400 M.
1089 5352 1198 5412 umere,
1217 5351 1261 5400 sed
1280 5363 1330 5398 non
1348 5351 1498 5407 absolutam,
1520 5365 1601 5414 nequa
1620 5365 1731 5414 unquam
1750 5353 1777 5398 ln
1795 5350 1885 5410 vulgus
1903 5352 2027 5400 emissam.

372 5419 610 5510 &aasz
633 5431 682 5513 t..
705 5433 887 5524 terren
