4966 6294
1139 332 1385 408 „38-

329 522 346 584 Ἰ
422 523 547 574 oshtnisae
653 529 702 575 lore
781 525 863 575 words
916 541 977 576 sons
993 529 1005 576 l
1020 528 1105 578 hrabc
1139 531 1217 592 giond
1232 533 1342 594 spurnad
1358 532 1408 583 bic
1532 530 1548 593 Ἰ
1592 532 1655 582 obre
1696 533 1789 584 sindon
1832 534 1903 585 ’caca
1942 535 1969 585 in
2015 536 2124 587 cornum
2181 553 2225 588 ιι-

326 613 357 668 et
376 605 591 691 persecutione
611 613 738 692 propter
756 605 890 670 uerbum
932 608 1093 672 confestim
1145 609 1401 674 scandalizantur.
1447 611 1495 676 18.
1518 611 1559 675 Et
1595 612 1646 675 alii
1704 623 1776 678 sunt
1836 614 1889 698 qui
1938 614 1969 676 in
2018 616 2113 701 spinis
2169 619 2263 683 semi-

350 757 400 791 ιιιι
474 741 511 792 ’ts
545 743 597 792 sint
630 741 703 792 hacc
756 743 821 792 word
881 742 987 803 gihcra'o
1105 743 1121 805 Ἰ
1185 747 1286 797 talnissc
1343 749 1449 798 weorlde
1484 747 1500 809 Ἰ
1550 751 1663 800 loseweat
1746 752 1846 799 willans
1905 747 1921 810 Ἰ
1964 753 2022 813 ymb
2064 755 2130 802 niter
2148 754 2159 801 i
2177 754 2260 804 aliero

329 831 454 886 nantur.
477 822 509 885 hi
538 833 610 886 sunt
642 823 695 908 qui
725 824 854 888 uerbum
875 822 1004 886 audiunt
1037 824 1085 888 19.
1108 835 1139 889 et
1156 847 1321 893 aerumnae
1339 829 1453 894 saeculi
1482 839 1513 894 et
1538 830 1678 917 deceptio
1701 829 1877 894 diuitiarum
1898 840 1929 894 ct
1956 831 2038 894 circa
2096 833 2217 917 reliqua

372 961 544 1021 lustgiomisss
652 959 763 1006 ineodun
824 960 984 1009 undcrdclias
1034 963 1101 1012 word
1168 960 1183 1022 Ἰ
1221 967 1282 1014 huis
1315 972 1422 1016 vastms
1455 965 1576 1026 gimoctid
1593 966 1641 1017 bib
1743 963 1760 1026 Ἰ
1793 966 1829 1017 δι
1863 969 1915 1016 sint
1942 967 2014 1018 babo
2049 971 2101 1019 olor
2152 970 2235 1021 corbo

328 1039 593 1124 concupiscentiae
613 1040 804 1104 introeuntes
832 1040 984 1104 suffocant
1004 1041 1136 1106 uerbum
1162 1052 1192 1106 et
1225 1044 1292 1108 sine
1317 1045 1419 1108 fructu
1481 1045 1620 1110 efficitur.
1674 1045 1781 1110 aoht
1802 1047 1833 1110 bi
1855 1057 1926 1110 sunt
1948 1048 2001 1132 qui
2029 1059 2262 1135 superterram

356 1175 419 1235 gode
495 1176 618 1237 gisswsns
663 1177 757 1225 sindun
793 1176 829 1226 'ta
848 1177 941 1226 sindon
960 1176 1032 1227 ’tabe
1087 1180 1183 1240 gihorss
1253 1181 1320 1229 word
1377 1179 1393 1240 Ἰ
1463 1183 1559 1232 cniosb
1630 1179 1646 1241 Ἰ
1706 1189 1825 1232 westmsa
1911 1197 1944 1232 an
2032 1185 2111 1248 britig
2178 1184 2250 1246 Ἰιο

326 1255 439 1319 bonam
481 1254 623 1320 seminati
675 1265 747 1318 sunt
891 1257 942 1341 qui
1068 1257 1197 1322 audiunt
1218 1259 1348 1324 uerbum
1370 1268 1401 1323 et
1422 1261 1589 1347 suscipiunt
1621 1271 1651 1326 et
1671 1262 1857 1327 fructificant
1877 1287 1973 1328 unum
2004 1265 2130 1352 triginta
2161 1289 2261 1332 unum

365 1392 442 1452 sixtig
522 1388 538 1450 Ἰ
587 1385 639 1456 [an]
695 1391 812 1442 hundret
939 1390 955 1452 Ἰ
992 1395 1023 1441 ho
1043 1380 1120 1444 anab
1155 1401 1182 1443 to
1200 1397 1252 1444 him
1287 1398 1349 1446 abac
1367 1397 1379 1444 t
1397 1397 1462 1444 haer
1497 1398 1589 1458 cymcb
1624 1398 1718 1448 lchtiaet
1735 1399 1746 1446 i
1764 1399 1859 1448 beccis
1892 1396 1919 1474 ᾗ
1958 1399 2039 1449 under
2081 1400 2152 1450 mitta
2170 1402 2181 1449 l
2199 1403 2257 1452 ints

281 1471 486 1557 bsexaginta
514 1480 545 1535 ct
565 1493 662 1535 unum
684 1481 815 1535 centum.
858 1471 908 1535 21.
931 1471 971 1536 Et
994 1473 1115 1538 dicebat
1174 1474 1235 1538 illis
1297 1475 1449 1560 numquid
1500 1476 1586 1541 uenit
1680 1477 1807 1542 lucerna
1888 1486 1923 1543 ut
1963 1479 2021 1543 sub
2110 1480 2214 1544 modio

320 1608 369 1658 hic
391 1609 487 1670 gisstsd
523 1607 601 1658 batte
636 1609 716 1657 under
749 1606 829 1656 hedde
886 1609 948 1657 abne
992 1607 1044 1685 pto
1096 1611 1149 1658 oicr
1235 1611 1368 1661 lshtiscme
1432 1611 1528 1673 gisctcd
1545 1612 1594 1662 bi‘e
1718 1627 1749 1662 nc
1798 1613 1892 1664 ior’bon
1928 1615 1950 1663 ls
2020 1615 2086 1676 mnig
2150 1617 2237 1677 gidoa-

336 1698 468 1774 ponatur
530 1697 582 1752 aut
644 1688 700 1750 sub
742 1686 848 1752 lecto?
869 1709 973 1752 nonne
1001 1698 1035 1751 ut
1077 1710 1171 1776 super
1191 1689 1412 1754 candelabrum
1433 1691 1590 1776 ponatur?
1622 1692 1672 1756 22.
1694 1691 1769 1756 Non
1802 1693 1885 1758 enim
1916 1704 1962 1758 est
1990 1693 2108 1780 aliquid
2128 1696 2258 1760 abscon·

355 1825 396 1874 led
458 1825 534 1875 ’sartae
575 1839 605 1874 nc
640 1825 755 1874 aetsowed
772 1839 804 1872 nc
821 1825 870 1874 hic
906 1839 936 1872 ns
970 1825 1100 1887 giwordon
1134 1839 1189 1874 wass
1260 1826 1329 1887 degis
1398 1827 1429 1875 ah
1464 1825 1516 1902 pte
1551 1830 1576 1876 ln
1612 1841 1731 1888 cowunga
1766 1828 1857 1889 cymsb
1983 1830 2021 1889 gii
2054 1831 2131 1880 hwelo
2167 1832 2256 1882 balch

324 1905 423 1969 ditum
450 1905 534 1989 quod
556 1926 620 1967 non
648 1904 861 1967 manifestetur
891 1925 949 1968 nec
979 1904 1093 1968 factum
1136 1914 1182 1968 cst
1211 1904 1365 1969 occultum
1387 1907 1442 1970 sed
1474 1917 1507 1970 ut
1542 1906 1574 1969 in
1615 1907 1719 1994 palam
1751 1909 1863 1972 ueniat.
1906 1908 1956 1972 23.
1979 1907 2015 1974 Si
2057 1910 2125 1995 quis
2162 1910 2260 1976 babet

331 2058 386 2092 ears
440 2044 549 2091 hcrnlsse
600 2041 697 2103 gihsras
852 2038 867 2100 Ἰ
922 2042 999 2091 cumb
1035 2048 1060 2090 to
1079 2043 1130 2090 him
1169 2041 1258 2102 gaas
1291 2044 1363 2090 hwaet
1405 2057 1435 2104 ge
1453 2042 1549 2102 gihsrss
1584 2043 1611 2090 in
1639 2043 1789 2093 swabwelce
1832 2043 1924 2105 giwcge
1964 2046 2075 2107 giwcgsn
2110 2047 2258 2108 gibio'bcn

324 2143 413 2185 aures
436 2119 581 2185 audiendi
603 2119 716 2184 audiat.
760 2121 813 2188 24.
834 2119 876 2184 Et
897 2120 1018 2185 dicebat
1059 2121 1120 2183 illis
1161 2120 1264 2185 uidete
1286 2121 1361 2206 quid
1403 2121 1542 2186 audiatis.
1569 2121 1609 2185 In
1686 2145 1748 2208 qua
1798 2145 1945 2188 mensura
1968 2125 2067 2188 mensi
2116 2125 2238 2190 fueritis

321 2258 530 2321 eitgiwcgenbi’d
570 2259 619 2306 iou
671 2256 687 2318 Ἰ
724 2259 934 2318 gisaldlgieccd
953 2258 1001 2308 bib
1042 2259 1090 2307 low
1259 2258 1323 2308 sc’ts
1366 2259 1461 2310 iorbcn
1513 2259 1596 2308 heleb
1636 2260 1717 2318 gisala
1734 2260 1782 2310 οἰδ
1823 2261 1875 2309 him
1926 2257 1943 2319 Ἰ
1980 2259 2042 2310 sobe
2087 2275 2118 2310 ne
2170 2263 2258 2313 haras

333 2339 511 2403 remetietur
552 2336 641 2401 uobis
670 2346 700 2401 ct
782 2336 941 2402 adiicietur
1025 2338 1121 2402 uobis.
1185 2340 1236 2404 25.
1260 2337 1323 2416 Qui
1377 2340 1459 2403 enim
1512 2339 1605 2404 habet
1649 2339 1773 2404 dabitur
1824 2338 1870 2402 illi
1919 2347 1949 2403 et
1986 2338 2129 2424 quinon
2162 2341 2260 2406 babet

321 2477 418 2525 uutudi
453 2476 531 2526 'batte
566 2473 651 2524 balab
687 2474 804 2535 ginumcn
826 2474 874 2523 sic
908 2477 945 2523 iro
980 2476 1032 2524 him
1169 2473 1185 2534 Ἰ
1222 2476 1252 2524 he
1270 2477 1348 2526 cuch
1384 2477 1435 2526 'tus
1470 2477 1493 2524 is
1581 2477 1631 2524 ricc
1690 2476 1766 2537 godes
1869 2476 1921 2524 hun
1940 2489 1990 2524 swa
2098 2478 2136 2537 gil
2178 2491 2239 2528 mon

261 2558 301 2620 10
323 2556 415 2622 etiam
447 2553 532 2639 quod
559 2553 652 2617 habet
701 2554 859 2617 auferetur
900 2555 939 2617 ab
981 2577 1027 2619 eo.
1080 2555 1131 2618 26.
1159 2553 1201 2618 Et
1228 2555 1349 2620 dicebat
1389 2557 1433 2620 sic
1459 2566 1506 2620 est
1533 2577 1665 2639 regnum
1697 2555 1759 2620 Dei
1800 2555 2061 2641 quemadmodum
2102 2556 2127 2620 si
2159 2556 2258 2620 hamc

329 2705 424 2754 worpss
461 2691 531 2740 ’tono
548 2689 661 2739 sananda
697 2705 728 2739 on
783 2689 862 2741 eor'co
1015 2688 1031 2750 Ἰ
1083 2691 1184 2752 slepia’b
1227 2688 1242 2750 Ἰ
1309 2694 1384 2740 atissa
1438 2706 1470 2742 ou
1487 2694 1553 2742 naht
1587 2690 1603 2751 Ἰ
1641 2706 1674 2741 on
1693 2692 1760 2752 dege
1795 2689 1810 2751 Ἰ
1871 2693 1914 2740 sad
1968 2691 2054 2740 neceb
2070 2692 2082 2739 i
2100 2693 2256 2754 wyrtrymsss

329 2773 420 2836 iaciat
472 2779 642 2836 sementem
694 2771 725 2833 in
758 2779 882 2834 terram.
924 2771 974 2833 27.
999 2768 1041 2834 Et
1063 2771 1195 2834 dormiat
1216 2779 1247 2833 ct
1268 2781 1415 2857 exsurgat
1447 2783 1537 2836 nocte
1580 2781 1610 2836 et
1669 2771 1720 2836 die
1782 2781 1813 2836 et
1833 2793 1939 2835 semcn
2032 2771 2185 2856 germinet

327 2909 343 2970 Ἰ
403 2909 492 2958 wcxeb
548 2907 582 2958 'cs
600 2908 673 2956 hwile
708 2922 739 2956 nc
757 2913 817 2955 uati
851 2906 886 2956 bs
1014 2909 1109 2956 lustum
1143 2907 1237 2957 tortor
1273 2907 1352 2957 sorbo
1410 2913 1530 2955 wastmas
1620 2913 1690 2956 aercst
1789 2922 1844 2968 gers
1928 2909 1994 2956 altar
2015 2907 2068 2956 'hon
2112 2907 2167 2958 ’tofi
2187 2906 2255 2956 'torn

323 2999 353 3054 et
373 2987 523 3052 increscat
576 2987 650 3050 dum
719 2986 816 3048 nescit
843 2985 906 3048 illc.
948 2985 999 3049 28.
1021 2985 1114 3052 Ultro
1152 2985 1235 3050 enim
1275 2994 1359 3050 terra
1389 2986 1552 3052 fructificat
1583 2986 1718 3073 primum
1753 2987 1882 3051 herbam
1942 2985 2055 3051 deindo
2118 2987 2232 3073 spicam

342 3125 430 3176 sabba
499 3123 548 3172 tull
669 3123 752 3171 hwaets
821 3122 848 3170 in
882 3123 962 3170 aehhcr
1113 3121 1130 3181 Ἰ
1166 3121 1265 3182 michy
1298 3122 1356 3170 hinc
1374 3122 1434 3172 lorii
1453 3123 1540 3172 brohts
1573 3128 1680 3172 woeamm
1732 3138 1793 3172 sona
1852 3122 1929 3171 sende
1970 3123 2075 3185 ripisern
2133 3121 2223 3172 forsan

322 3206 433 3272 deinde
454 3204 580 3291 plenum
601 3203 791 3268 frumentum
811 3201 843 3264 in
870 3202 961 3287 spica.
1015 3200 1064 3265 29.
1096 3199 1139 3264 Et
1179 3223 1249 3265 cum
1329 3202 1511 3289 produxerit
1568 3202 1685 3266 fructus
1713 3202 1814 3265 statim
1844 3201 1937 3265 mittit
1965 3200 2075 3266 falcem
2105 3201 2241 3286 quoniam

347 3354 402 3389 com
436 3343 503 3404 ripas
521 3341 572 3390 tide
711 3337 727 3399 Ἰ
783 3338 860 3388 cwae’c
905 3345 931 3388 tc
951 3340 1036 3388 huam
1071 3352 1108 3386 wo
1125 3338 1252 3398 giliclatsn
1270 3339 1340 3386 welle
1407 3341 1456 3386 ricc
1510 3338 1586 3398 godes
1637 3339 1649 3385 i
1691 3342 1717 3389 to
1736 3340 1820 3387 hwnm
1891 3337 1927 3389 ’δι
1946 3339 2026 3400 hispal
2096 3339 2185 3398 missa
2206 3351 2239 3384 ιι

322 3419 410 3484 adest
440 3419 557 3483 messis.
621 3419 671 3482 30.
692 3417 734 3482 Et
755 3418 876 3483 dicebat
941 3419 991 3483 oui
1084 3416 1321 3480 assimilabimus
1366 3439 1498 3501 regnum
1520 3416 1581 3479 Dei
1622 3425 1675 3479 aut
1737 3419 1785 3481 cui
1878 3417 2045 3503 parabolae
2096 3438 2246 3504 compara—

319 3559 479 3619 gigeorwlgas
523 3557 576 3606 'tat
729 3569 780 3603 swa
797 3556 819 3601 is
836 3552 888 3630 1510
945 3569 1004 3603 corn
1064 3567 1168 3616 canopos
1214 3554 1267 3604 'tat
1308 3553 1404 3614 miooy
1470 3555 1577 3613 gisawsn
1662 3566 1717 3600 waes
1758 3566 1790 3601 οο
1822 3553 1905 3604 corba
1946 3555 2007 3614 lytcl
2059 3554 2081 3602 is
2142 3554 2218 3602 allum

260 3639 300 3702 15
349 3636 451 3701 bimus
509 3634 612 3698 illud?
654 3636 703 3698 31.
757 3631 845 3699 Sicut
907 3654 1040 3720 granum
1061 3633 1174 3719 sinapis
1196 3632 1281 3716 quod
1308 3654 1404 3717 quum
1430 3630 1612 3695 seminatum
1637 3631 1730 3698 fuerit
1756 3633 1787 3696 in
1817 3643 1902 3698 terra
1922 3633 2024 3696 minus
2045 3640 2090 3696 cst
2110 3633 2250 3696 omnibus

334 3787 478 3838 sanandum
512 3786 585 3837 brba
620 3787 676 3836 sind
712 3799 743 3834 on
780 3785 862 3835 sorba
1020 3783 1037 3846 Ἰ
1073 3785 1170 3848 ιοΡὸἥγ
1222 3787 1329 3847 gisanen
1535 3784 1635 3846 astigeb
1685 3783 1701 3844 Ἰ
1738 3784 1788 3834 aaa
1835 3798 1902 3832 mara
1978 3785 2055 3832 allum
2135 3799 2234 3846 gruum

320 3867 488 3932 seminibus
509 3874 681 3952 quaesunt
708 3866 740 3928 in
768 3873 859 3929 terra
918 3865 969 3930 32.
1000 3865 1043 3930 Et
1080 3890 1151 3931 cum
1184 3867 1366 3931 seminatum
1393 3865 1485 3929 fucrit
1515 3866 1652 3930 ascendit
1682 3874 1712 3928 et
1742 3863 1777 3927 fit
1814 3865 1912 3927 maius
1944 3865 2085 3928 omnibus
2117 3864 2250 3929 oleribus

325 4021 341 4082 Ἰ
378 4021 479 4083 arrasa
497 4019 513 4080 Ἰ
533 4019 603 4069 dccii
638 4020 813 4080 tclgoitwigo
870 4019 944 4068 micle
995 4019 1045 4069 'bns
1078 4017 1104 4094 'p
1140 4021 1186 4068 hia
1199 4033 1291 4078 magun
1333 4018 1414 4068 under
1462 4031 1521 4066 scus
1588 4020 1626 4066 his
1660 4020 1741 4079 ingles
1776 4018 1878 4066 hcoincs
1914 4019 1962 4078 bys
1978 4019 1990 4066 t
2007 4019 2086 4079 adige
2223 4018 2239 4079 Ἰ

320 4109 350 4166 et
451 4100 525 4163 facit
673 4121 776 4162 ramos
839 4119 969 4184 magnos
997 4097 1040 4161 ita
1073 4105 1108 4162 ut
1155 4097 1274 4184 possint
1341 4097 1399 4160 sub
1430 4098 1540 4160 umbra
1567 4097 1631 4160 eius
1659 4118 1732 4162 aues
1785 4097 1864 4161 coeli
1923 4096 2071 4162 babitare.
2139 4098 2188 4163 33.
2211 4097 2250 4162 Et

319 4255 376 4304 mio
393 4255 496 4304 ’tustini
537 4254 664 4314 monigum
712 4253 846 4315 hispsllum
890 4253 936 4301 hlra
955 4251 1077 4314 sprcocsii
1111 4251 1209 4300 tobim
1262 4250 1330 4298 word
1390 4263 1441 4298 sus
1457 4249 1537 4298 snite
1572 4249 1619 4297 blaa
1637 4249 1754 4317 michtam
1788 4249 1872 4309 gihcrs
2015 4251 2076 4298 bnts
2136 4251 2218 4300 bisiae

362 4333 472 4398 talibus
547 4333 648 4397 multis
697 4331 851 4419 parabolis
890 4330 1073 4417 loquebatur
1135 4330 1178 4394 eis
1228 4329 1362 4394 uerbum
1415 4339 1507 4415 prout
1589 4337 1733 4416 poterant
1773 4328 1888 4392 audire.
1931 4329 1981 4393 34.
2004 4326 2081 4394 Sine
2102 4330 2251 4416 parabola

319 4485 451 4536 nutndlics
494 4499 525 4534 ns
565 4499 620 4534 vas
638 4484 773 4548 sprcccnds
813 4483 910 4534 tobim
960 4483 1078 4544 syndrigc
1120 4483 1254 4531 wutudlicc
1309 4481 1421 4542 ’bagnum
1480 4483 1518 4530 his
1580 4484 1610 4530 hc
1628 4483 1709 4545 saegdc
1779 4483 1827 4530 alls
1987 4478 2003 4539 Ἰ
2041 4481 2119 4532 cneii
2153 4489 2180 4531 to
2198 4485 2250 4532 him

329 4575 432 4632 autem
474 4587 536 4630 nou
574 4564 759 4651 loquebatur
837 4565 890 4628 eis.
943 4583 1083 4628 seorsum
1131 4571 1234 4624 autem
1282 4560 1439 4648 discipulis
1466 4561 1530 4625 suis
1558 4561 1726 4626 disserebat
1748 4561 1859 4625 omnia.
1902 4559 1952 4624 35.
1973 4559 2014 4623 Et
2058 4561 2099 4623 ait
2170 4561 2230 4626 illis

320 4734 352 4771 ou
388 4721 455 4772 iiam
490 4717 556 4779 daegc
591 4718 687 4780 mi't'by
723 4721 790 4767 clem
843 4731 898 4767 was
941 4717 1068 4777 ginardcn
1110 4718 1166 4764 tare
1184 4729 1220 4764 wc
1239 4704 1270 4764 oi
1316 4721 1439 4777 togaegncs
1565 4711 1581 4772 Ἰ
1640 4713 1778 4762 lorlcortun
1824 4712 1893 4761 bons
1911 4714 1967 4761 here
2000 4717 2028 4761 tc
2044 4715 2164 4773 giuomun

257 4801 298 4865 20
318 4801 351 4863 in
397 4800 452 4864 illa
500 4797 550 4862 die
600 4819 670 4861 cum
717 4819 786 4862 sero
828 4807 909 4861 esset
944 4796 1059 4859 iactum
1091 4805 1280 4861 transeamus
1319 4805 1434 4859 contra.
1478 4795 1529 4858 36.
1551 4793 1592 4857 Et
1613 4793 1798 4857 dimittentes
1835 4792 1957 4856 turbam
1998 4803 2159 4856 assumunt
2180 4813 2249 4856 eum

316 4967 367 5001 swa
400 4950 452 5028 'pto
504 4951 551 4999 hirs
563 4963 646 4999 vernn
682 4951 709 4998 in
747 4951 813 5013 scipc
851 4945 868 5008 Ἰ
906 4949 970 5000 o’tro
1012 4949 1099 5011 sciopu
1143 4963 1225 4996 aaran
1275 4947 1331 4997 mill
1376 4949 1428 4995 him
1574 4945 1591 5007 Ἰ
1628 4946 1754 5009 ςίοοιᾱοο
1789 4960 1844 4994 was
1879 4943 2099 5005 windiyitttyst)
2143 4947 2231 4993 miecio

322 5033 366 5094 ita
412 5041 446 5094 ut
547 5039 613 5095 erat
675 5030 708 5092 in
738 5031 810 5093 naui
841 5041 871 5096 et
894 5029 973 5092 aliae
1005 5048 1099 5090 naues
1139 5037 1227 5090 erant
1264 5047 1334 5089 cum
1368 5025 1431 5089 illo.
1484 5027 1533 5090 37.
1563 5026 1604 5091 Et
1651 5027 1731 5090 facta
1793 5035 1841 5091 est
1927 5023 2064 5111 procella
2135 5045 2251 5111 magna

315 5184 409 5234 vindos
453 5182 469 5243 Ἰ
542 5185 581 5246 yb
651 5185 756 5234 terenda
774 5184 786 5230 i
803 5184 927 5233 scndcndc
961 5185 988 5230 ln
1025 5180 1078 5230 ’tat
1095 5179 1148 5242 scip
1184 5179 1260 5228 sends
1293 5176 1319 5255 ᾖ
1354 5179 1457 5240 giiylled
1474 5193 1529 5228 ves
1565 5179 1618 5230 ’beat
1636 5182 1688 5243 scip
1817 5176 1833 5238 Ἰ
1870 5192 1925 5227 wass
1960 5179 1990 5225 hs
2007 5179 2019 5225 l
2038 5177 2072 5228 ’6ο
2107 5179 2133 5226 in
2168 5183 2237 5242 sclpc

279 5264 402 5331 direnti
443 5273 474 5328 et
503 5263 614 5328 fluctus
716 5263 855 5328 mittebat
957 5263 988 5325 in
1032 5259 1137 5324 nanim
1199 5259 1241 5322 ita
1294 5267 1326 5322 ut
1355 5259 1536 5344 impleretur
1576 5260 1673 5324 nauis.
1733 5259 1782 5322 38.
1804 5257 1846 5322 Et
1866 5267 1931 5322 erat
1983 5257 2050 5344 ipse
2101 5258 2133 5321 in
2154 5261 2249 5346 puppi
