4966 6294
1185 393 1434 467 ..34-

411 591 438 668 15
490 593 516 642 in
558 593 618 642 busa
659 607 726 642 ware
760 592 776 654 Ἰ
831 595 886 641 elna
904 606 990 642 cumen
1035 593 1135 656 m'eniga
1170 596 1218 666 pus
1252 592 1305 669 '1³¹⁶
1339 608 1370 642 ne
1405 593 1493 641 mahte
1511 595 1568 640 roan
1586 591 1598 638 ι
1615 590 1717 639 nioman
1777 603 1809 639 ne
1870 597 1896 640 to
1933 592 1991 640 dore
2009 592 2020 640 1
2037 595 2063 640 tu
2082 598 2152 654 geute
2186 589 2202 652 Ἰ
2244 606 2329 655 ψη·

379 671 462 757 quod
483 672 515 736 in
538 671 629 736 domo
652 682 730 737 esset
751 681 781 737 ct
802 682 1013 737 conuenerunt
1040 672 1129 736 multi
1171 673 1214 736 ita
1256 681 1379 736 utnon
1505 679 1628 756 caperet
1741 669 1904 754 nequead
1986 670 2108 734 ianuam
2180 681 2211 736 ct
2254 671 2307 734 lo·

377 842 454 891 eunde
473 857 527 891 nas
562 843 634 894 heom
651 845 662 892 ι
680 845 731 893 him
789 846 856 894 word
1003 841 1019 903 Ἰ
1090 857 1179 892 comen
1221 848 1247 892 ιο
1266 844 1365 894 feranda
1382 843 1394 891 1
1410 788 1547 904 bringcnde
1582 848 1608 892 tu
1644 843 1694 890 him
1730 845 1795 915 pene
1813 843 1877 892 corb
1895 844 1976 906 crypel
2012 842 2075 892 sebe
2111 845 2146 892 tre
2181 845 2315 894 laesarum

379 923 530 1006 quebatur
626 924 669 987 eis
752 925 893 987 uerbum.
936 923 965 987 3.
987 923 1029 987 Et
1049 933 1201 990 uenerunt
1313 923 1448 988 ferentes
1577 921 1706 986 adeum
1748 921 1952 1008 paralyticum
2012 923 2064 1007 qui
2115 933 2327 1010 aquattuer

384 1071 439 1105 was
456 1058 561 1118 geberen
674 1057 690 1119 Ἰ
726 1059 837 1132 1111be
872 1059 898 1107 hi
915 1073 946 1108 ne
985 1061 1093 1109 mentun
1128 1059 1263 1119 gebrtngan
1304 1058 1363 1106 hine
1403 1059 1454 1106 htm
1489 1059 1529 1107 tor
1574 1073 1663 1118 mango
1697 1058 1842 1116 ranaeadun
1858 1059 2031 1120 tuuwrcogcn
2066 1059 2157 1134 *phas
2173 1061 2186 1107 ι
2203 1063 2239 1132 pa
2258 1057 2325 1108 bere

377 1136 565 1221 portabatur.
608 1137 638 1200 4.
660 1136 701 1202 Et
747 1161 817 1203 eum
879 1160 942 1202 non
976 1146 1103 1225 possent
1143 1137 1255 1201 offerre
1298 1159 1368 1200 eum
1403 1137 1448 1199 illi
1469 1159 1545 1223 prae
1567 1139 1659 1202 turba
1763 1137 1958 1202 nudauerunt
2122 1147 2239 1202 tectum

377 1275 426 1345 par
461 1275 490 1321 he
508 1288 563 1322 was
605 1273 620 1334 Ἰ
659 1275 1029 1338 epenedontopnsndcdydon
1081 1272 1381 1323 aduneecndunlscttun
1434 1277 1467 1347 pa
1484 1275 1541 1321 bere
1613 1273 1641 1320 in
1683 1271 1751 1322 ’tare
1792 1277 1823 1346 pc
1842 1273 1989 1336 ccrbcrypel
2034 1275 2077 1322 lac
2094 1274 2106 1321 1
2123 1273 2238 1334 neganda
2259 1287 2324 1322 was
2361 1287 2368 1300 ·

379 1352 429 1416 ubi
473 1363 540 1417 erat
602 1364 632 1418 et
726 1354 939 1441 patefacientes
1118 1352 1326 1416 submiserunt
1404 1353 1569 1437 grabatum
1613 1352 1645 1414 in
1685 1375 1746 1436 quo
1796 1352 1983 1438 paralyticus
2089 1353 2215 1418 iacebat.

433 1487 526 1562 mibpy
561 1489 639 1551 gasan
693 1494 775 1563 penne
810 1505 836 1538 se
852 1490 946 1538 balent
981 1490 1074 1550 galeata
1124 1489 1199 1536 heora
1249 1491 1322 1560 erup
1358 1495 1383 1537 ιο
1404 1484 1441 1561 pb
1459 1487 1620 1550 eorbcrypela
1655 1501 1720 1536 sunu
1761 1489 1870 1548 turgaten
1890 1489 1988 1561 bcupan
2030 1488 2065 1538 ’6ο
2119 1503 2198 1552 synna
2254 1491 2323 1563 plne
2417 1542 2422 1565 Ι

335 1568 406 1631 55.
435 1565 517 1632 Cum
548 1579 651 1633 autem
672 1569 797 1633 uidisset
834 1567 921 1633 Iesus
982 1565 1075 1632 fidem
1096 1567 1220 1630 illerum
1264 1567 1307 1629 ait
1409 1567 1580 1654 paralytico
1663 1567 1708 1631 fili
1777 1567 1970 1630 dimittuntur
2011 1567 2066 1631 tibi
2094 1579 2219 1654 peccata
2251 1579 2320 1632 tue.

440 1717 523 1753 weron
558 1707 692 1755 wutudliec
728 1705 781 1756 ’aar
832 1719 901 1754 sume
956 1705 984 1752 οι
1015 1707 1145 1776 upwutum
1186 1702 1293 1752 sittende
1337 1699 1353 1761 Ἰ
1391 1703 1521 1753 tencauda
1538 1705 1550 1751 ι
1567 1703 1683 1752 emeande
1726 1705 1753 1752 tn
1805 1704 1918 1752 heortum
1971 1705 2059 1754 leona
2074 1706 2127 1766 (stc)
2240 1707 2318 1754 hm

380 1784 408 1846 6.
431 1783 530 1848 Erant
577 1795 676 1848 autem
720 1784 784 1848 illic
805 1785 929 1869 quidam
952 1783 991 1847 dc
1026 1781 1133 1846 scribis
1168 1781 1310 1846 sedentes
1331 1793 1362 1846 et
1455 1784 1624 1869 cogitantes
1723 1783 1754 1846 in
1787 1783 1931 1848 cordibus
1984 1783 2046 1847 suis
2179 1785 2207 1847 7.
2235 1785 2318 1870 quid

386 1923 430 1993 pes
468 1919 599 1969 'tuslsua
645 1925 746 1994 sprceap
803 1917 994 1990 heotalraptaae'o)
1029 1917 1084 1965 hwa
1135 1930 1196 1980 mag
1240 1907 1339 1980 lgaelan
1356 1919 1368 1966 1
1385 1909 1466 1967 flattu
1519 1934 1597 1982 synna
1633 1924 1723 1994 nympe
1778 1935 1823 1969 ane
1902 1920 1952 1981 god
2085 1921 2113 1968 οι
2128 1925 2177 1994 pon
2231 1935 2300 1971 sona

378 1997 428 2062 hic
510 1999 553 2062 sic
615 1999 774 2084 loquitur?
796 1997 1003 2085 blasphemati
1025 1997 1092 2082 quis
1114 2005 1213 2082 potest
1276 1997 1428 2062 dimittere
1491 2009 1616 2085 peccata
1651 1999 1708 2062 nisi
1754 1999 1837 2064 solus
1868 1999 1981 2064 Deus?
2038 2001 2066 2064 8.
2101 1997 2172 2077 Quo
2207 2003 2316 2064 statim

408 2143 481 2198 unget
523 2151 548 2185 ss
566 2137 660 2185 halcnd
712 2143 767 2198 gast
824 2138 862 2184 hta
903 2133 955 2211 pte
990 2149 1040 2182 cua
1074 2135 1169 2207 penten
1188 2135 1199 2180 1
1218 2134 1335 2183 smerden
1371 2135 1461 2183 betwilr
1497 2137 1568 2184 heum
1603 2140 1676 2210 ewaep
1717 2143 1743 2184 ιο
1763 2136 1836 2184 heom
1870 2136 1940 2184 naar
1994 2139 2038 2208 pas
2098 2139 2226 2210 gepanta}
2289 2139 2314 2186 ln

378 2215 500 2300 cognito
548 2215 635 2279 Iesus
684 2216 791 2302 spiritu
813 2238 868 2279 suo
890 2217 962 2302 quia
990 2217 1035 2280 sic
1117 2216 1287 2300 cogitarent
1375 2215 1455 2277 intra
1516 2239 1550 2281 se
1602 2218 1675 2281 dicit
1746 2213 1808 2278 illis
1870 2214 1944 2299 quid
1990 2215 2048 2276 ista
2090 2215 2229 2300 cogitatis
2282 2215 2315 2279 in

390 2351 502 2398 hcertum
546 2364 652 2400 courum
771 2353 842 2400 hwaet
890 2355 912 2400 ts
957 2356 1014 2425 epra
1031 2354 1042 2401 l
1061 2352 1142 2402 eatur
1184 2359 1209 2400 ιο
1228 2357 1361 2426 ewapaunc
1405 2355 1467 2424 pam
1485 2353 1632 2414 ecr’tcryplc
1682 2353 1791 2412 turgaten
1812 2352 1913 2424 heopun
1957 2353 1989 2424 pc
2033 2365 2111 2412 synna
2129 2354 2187 2424 plne
2241 2353 2314 2425 op’tc

376 2429 520 2494 cordibus
543 2430 678 2494 uestris?
714 2430 742 2493 9.
765 2429 849 2507 Quid
878 2441 924 2494 est
988 2431 1107 2496 facilius
1219 2432 1322 2496 dicere
1429 2431 1599 2519 paralytice
1694 2431 1889 2494 dimittuntur
1942 2429 1997 2493 tibi
2048 2441 2173 2516 peccata
2250 2455 2292 2494 an

378 2569 479 2638 caepae
523 2569 572 2614 arla
614 2565 703 2626 Jnim
720 2567 730 2613 ι
747 2569 790 2614 bar
858 2569 916 2615 burc
1008 2569 1066 2640 ptne
1117 2564 1134 2626 Ἰ
1206 2582 1251 2627 gan
1423 2573 1471 2642 pet
1506 2568 1591 2616 wutud
1627 2569 1702 2641 uitap
1720 2581 1749 2627 ga
1783 2565 1836 2642 pte
1870 2567 1900 2616 he
1918 2567 2006 2616 maelrta
2078 2567 2157 2642 hulep
2245 2583 2314 2617 sunu

316 2645 356 2708 10
378 2645 481 2708 dicere
500 2665 594 2728 surge
663 2645 738 2708 tolle
807 2647 970 2732 grabatum
992 2656 1080 2710 tuum
1110 2655 1141 2712 et
1166 2647 1313 2711 ambula?
1348 2650 1396 2712 10.
1421 2647 1466 2715 Ut
1492 2657 1593 2712 autem
1636 2646 1737 2710 sciatis
1772 2647 1844 2732 quia
1887 2647 1981 2711 habet
2020 2655 2202 2732 potestatem
2228 2648 2315 2712 filius

391 2794 494 2830 mennas
530 2795 562 2828 on
598 2784 672 2853 torpa
727 2771 844 2841 fgelnissc
914 2797 992 2845 synna
1036 2787 1109 2857 sweep
1144 2790 1170 2833 tu
1190 2779 1226 2856 pri
1242 2783 1389 2846 eor’tcryple
1534 2789 1565 2858 pe
1600 2786 1624 2833 ie
1641 2797 1718 2845 saecge
1767 2784 1815 2832 aris
1857 2781 1949 2842 Jnlm
2034 2785 2092 2832 bere
2182 2787 2241 2857 ptus
2283 2783 2302 2844 Ἰ

377 2859 511 2924 heminis
532 2859 563 2922 in
596 2868 678 2923 terra
700 2860 869 2926 dimittendi
892 2873 1017 2948 peecata
1048 2865 1089 2928 ait
1181 2864 1353 2950 paralytico
1440 2865 1490 2926 ll.
1523 2864 1576 2926 tibi
1633 2863 1701 2926 dico
1745 2883 1839 2948 surge
1866 2863 1942 2927 telle
1982 2862 2146 2948 grabatum
2166 2871 2254 2926 tuum
2282 2875 2314 2928 et

397 3009 442 3054 gas
481 3003 506 3045 ιο
560 2996 623 3045 busa
680 3000 768 3070 pinum
897 2997 913 3058 Ἰ
952 3001 1050 3061 instyde
1091 3003 1120 3050 he
1139 3015 1192 3050 aras
1304 2998 1320 3060 Ἰ
1358 2999 1487 3048 undarleat
1538 3001 1594 3048 berc
1655 2999 1716 3048 code
1751 3001 1850 3048 butoran
1919 3001 1994 3048 ullum
2056 3014 2106 3048 awa
2133 2997 2183 3074 “pte
2211 3002 2310 3049 cruun-

377 3074 455 3139 uade
475 3076 508 3138 in
530 3075 655 3140 domum
676 3088 770 3140 tuam.
814 3079 862 3142 12.
883 3079 925 3142 Et
946 3081 1048 3143 statim
1071 3081 1205 3144 surrexit
1225 3080 1278 3144 ille
1299 3087 1330 3144 ct
1357 3078 1478 3143 sublate
1498 3079 1628 3164 grabato
1650 3079 1724 3143 abiit
1752 3100 1857 3142 coram
1895 3079 2036 3142 omnibus
2058 3078 2100 3141 ita
2141 3089 2175 3143 ut
2218 3081 2309 3143 mira·

378 3211 473 3259 dradun
536 3213 584 3262 alle
635 3211 651 3273 Ἰ
714 3218 746 3287 pa
765 3217 900 3288 norpadun
975 3216 1024 3278 god
1072 3217 1204 3289 suspende
1238 3215 1291 3292 'pte
1310 3216 1351 3265 hle
1419 3218 1492 3265 unsre
1557 3217 1605 3287 pus
1621 3215 1633 3262 1
1651 3215 1720 3263 sulla
1753 3229 1785 3263 na
1803 3228 1910 3276 gescgun
2036 3211 2053 3273 Ἰ
2107 3215 2213 3263 terenda
2248 3229 2297 3262 m

375 3301 482 3354 rentur
502 3315 608 3358 omnes
630 3303 660 3357 et
682 3294 922 3360 honorificarent
942 3297 1046 3361 Deum
1068 3295 1201 3360 diceutes
1258 3295 1331 3381 quia
1373 3317 1532 3381 nunquam
1617 3293 1660 3356 sic
1762 3293 1905 3357 uidimus.
1949 3295 1998 3358 13.
2020 3293 2061 3357 Et
2086 3316 2221 3379 egressus
2252 3303 2295 3355 cst

376 3429 443 3476 atter
461 3441 521 3477 sona
540 3445 567 3478 aa
601 3435 627 3478 ιο
689 3447 721 3480 aaa
816 3431 862 3482 eall
951 3435 983 3505 pa
1005 3435 1074 3505 preat
1109 3432 1228 3492 armands
1274 3438 1301 3480 ιο
1345 3433 1398 3480 him
1441 3428 1457 3490 Ἰ
1518 3429 1591 3478 larda
1644 3427 1685 3476 hia
1827 3425 1843 3486 Ἰ
1879 3429 1972 3502 mibpy
2007 3434 2091 3503 ponar
2109 3431 2194 3480 soerda
2225 3431 2303 3492 gasali

417 3529 522 3572 rursus
592 3510 632 3574 ad
653 3533 739 3576 mare
760 3513 920 3598 omnisque
962 3513 1052 3575 turba
1095 3511 1237 3574 ueniebat
1264 3510 1304 3573 ad
1333 3531 1403 3573 eum
1433 3517 1463 3573 et
1484 3508 1614 3572 docebat
1635 3529 1696 3572 ees.
1741 3510 1789 3571 14.
1811 3508 1853 3572 Ει
1885 3531 1954 3572 cum
2009 3511 2191 3594 praeteriret
2232 3508 2311 3574 uidit

653 3650 761 3697 aittcnde
813 3656 838 3697 ιο
864 3649 943 3709 gesto}
961 3661 1085 3706 menunge
1111 3643 1127 3705 Ἰ
1165 3650 1233 3720 cusp
1267 3652 1293 3696 ιο
1312 3646 1364 3695 blm
1400 3645 1579 3706 tolgam(ete)l
1596 3645 1661 3705 rylgs
1695 3659 1734 3692 me
1807 3643 1823 3704 Ἰ
1891 3660 1945 3696 aras
2005 3648 2121 3709 sylgende
2155 3663 2211 3697 vtes
2246 3649 2299 3696 him

315 3724 355 3788 15
376 3722 453 3788 Leni
474 3724 610 3810 Alphaei
631 3727 786 3791 sedentem
808 3727 847 3790 ad
904 3726 1050 3792 telonium
1108 3733 1140 3790 ct
1180 3727 1222 3789 ait
1297 3726 1343 3789 illi
1468 3745 1600 3809 sequere
1688 3745 1747 3788 me.
1801 3737 1831 3790 et
1850 3747 1981 3811 surgens
2000 3723 2121 3791 secutus
2161 3737 2309 3793 osteum.

458 3895 474 3956 Ἰ
511 3899 640 3956 geworclcn
675 3913 730 3947 waes
765 3900 856 3972 1111be
908 3898 1055 3961 gehltonade
1107 3901 1134 3948 tn
1177 3901 1238 3948 huss
1292 3847 1345 3948 ba:
1380 3901 1480 3959 menige
1515 3897 1627 3960 openltee
1646 3898 1750 3958 synnigc
1766 3899 1778 3945 ι
1796 3898 1922 3946 behsuune
2043 3901 2151 3959 syntulle
2196 3903 2309 3964 atgadre

374 3975 424 4039 15.
445 3973 487 4038 Et
515 3975 629 4040 factum
678 3988 724 4041 est
771 4001 840 4042 curn
883 3980 1077 4044 accumberet
1103 3977 1136 4042 in
1158 3979 1250 4044 domo
1274 3979 1355 4042 illius
1383 3975 1472 4042 multi
1638 3974 1795 4063 publicani
1946 3985 1977 4039 et
1996 3989 2172 4064 peccateres
2207 3980 2301 4044 simul

373 4119 484 4172 geresten
504 4113 515 4159 ι
533 4113 673 4162 lilaenadun
713 4113 769 4163 mib
807 4113 861 4164 ’ten
883 4115 931 4162 hal
971 4110 987 4172 Ἰ
1042 4113 1152 4176 ’bagnum
1204 4115 1243 4163 liis
1284 4127 1365 4164 uercn
1402 4113 1496 4164 turbon
1531 4114 1630 4174 menige
1666 4111 1738 4161 ’bate
1772 4110 1787 4170 Ἰ
1825 4113 1939 4174 tyligdun
1956 4115 1968 4161 ι
1986 4115 2100 4176 tylgcndc
2118 4131 2202 4166 wcrnn
2243 4117 2296 4164 him

409 4189 643 4256 discumbebant
706 4216 774 4284 cum
838 4193 910 4258 Iesu
963 4203 993 4258 ct
1014 4193 1169 4280 discipulis
1191 4193 1256 4258 eius
1277 4202 1365 4256 erant
1408 4193 1490 4256 cuim
1532 4189 1620 4256 multi
1673 4193 1725 4276 qui
1766 4201 1796 4256 et
1910 4195 2116 4279 sequebantur
2226 4217 2307 4260 eum.

462 4325 478 4387 Ἰ
521 4329 628 4378 uburrtu
665 4327 680 4387 Ἰ
728 4329 849 4380 '’bauldn
908 4332 1011 4392 gisagun
1063 4329 1156 4380 turbon
1194 4330 1246 4380 ’tet
1264 4331 1293 4378 be
1311 4337 1345 4378 ert
1363 4331 1374 4377 1
1393 4329 1480 4378 stende
1499 4343 1554 4378 uaes
1589 4329 1646 4378 mit
1683 4328 1749 4377 'tam
1767 4329 1904 4390 centullum
1938 4327 1954 4389 Ἰ
1997 4331 2198 4392 bursyunigum
2241 4333 2289 4380 hue

377 4406 424 4469 16.
448 4405 488 4470 Ει
514 4408 632 4471 scribae
659 4418 689 4472 ct
716 4408 868 4494 pharisaei
888 4411 1027 4474 uidentes
1076 4409 1148 4495 quia
1272 4408 1472 4472 manducaret
1586 4430 1656 4471 cum
1709 4407 1880 4493 publicanis
1933 4416 1962 4471 et
1989 4407 2201 4493 peccatoribus
2228 4409 2309 4474 dice

374 4543 481 4592 credun
535 4543 647 4604 tagnum
702 4545 741 4592 tris
770 4545 881 4594 lerhnon
916 4545 973 4594 mre
1007 4543 1242 4608 bumunm'gum]
1306 4545 1443 4607 syutullum
1547 4549 1610 4592 ctest
1689 4538 1836 4600 Jdrinees
1895 4543 1968 4590 laruw
2038 4543 2113 4591 lower
2210 4543 2305 4607 mlt’fiy

386 4623 460 4686 bant
509 4622 664 4709 discipulis
687 4624 751 4688 eius
779 4645 874 4709 quare
912 4646 983 4688 cum
1016 4623 1188 4711 publicanis
1219 4635 1250 4689 et
1268 4624 1480 4710 peccatoribus
1501 4623 1667 4687 manducat
1686 4631 1717 4686 et
1742 4621 1820 4687 bibit
1845 4622 1992 4708 magister
2012 4622 2138 4688 uester?
2158 4625 2207 4686 17.
2235 4622 2308 4688 Ηοο

373 4759 477 4821 gebarde
497 4757 540 4808 ’eu
576 4757 611 4807 ’te
628 4759 678 4807 luel
711 4759 788 4810 cwaeb
823 4769 849 4810 ιο
868 4762 919 4810 blm
965 4775 997 4808 ue
1025 4760 1074 4809 ned
1093 4759 1170 4810 ’tarsa
1197 4761 1288 4810 babbrs
1329 4762 1390 4809 hele
1439 4767 1464 4808 ιο
1484 4761 1534 4808 lece
1591 4757 1621 4806 ah
1661 4755 1734 4807 'tabe
1774 4759 1823 4820 >tel
1876 4759 1967 4807 babbas
2015 4773 2046 4807 nc
2081 4758 2175 4809 turbon
2211 4760 2308 4810 comio

313 4839 354 4902 ‘20
396 4839 498 4903 audito
581 4836 669 4902 Iesus
731 4839 773 4902 ait
841 4839 902 4903 illis
944 4861 1007 4903 non
1035 4861 1159 4905 neccsse
1180 4838 1296 4903 habent
1315 4838 1381 4901 sani
1419 4837 1539 4900 medico
1579 4835 1632 4900 scd
1665 4837 1718 4922 qui
1749 4837 1830 4902 male
1858 4837 1972 4901 habent
1991 4859 2053 4902 nen
2082 4839 2164 4902 enim
2223 4838 2294 4902 ueni

372 4997 397 5040 ιο
416 5005 525 5051 ceguuuc
561 4989 680 5040 coerano
721 4992 749 5039 ab
811 4994 935 5054 srunryllc
1084 4989 1100 5051 Ἰ
1138 5003 1221 5041 werun
1285 4989 1380 5049 ’tegnas
1433 4987 1552 5035 iohannes
1591 4983 1608 5047 Ἰ
1674 4986 1710 5036 'ta
1728 4989 1785 5036 aldv
1869 4990 1986 5039 saestcndc
2047 4988 2064 5050 Ἰ
2133 5005 2220 5040 cemrn
2277 4987 2295 5052 Ἰ

395 5091 505 5134 uocare
565 5070 661 5134 iustos
703 5069 757 5133 scd
779 5081 964 5156 peccatores.
997 5072 1046 5136 18.
1069 5069 1111 5135 Et
1137 5079 1225 5136 erant
1251 5065 1391 5153 discipuli
1422 5065 1548 5131 loannis
1581 5077 1611 5132 ct
1647 5066 1800 5152 pharisaei
1835 5067 2004 5134 ieiunantes
2044 5079 2074 5134 et
2112 5073 2240 5135 ueniunt
2276 5081 2307 5136 ct

381 5221 482 5269 cwadvn
517 5223 569 5270 him
603 5211 689 5272 ihwen
740 5221 837 5283 baguas
885 5221 1003 5271 iohannes
1038 5221 1053 5283 Ἰ
1143 5221 1179 5272 ’ta
1197 5221 1256 5270 aldu
1342 5219 1459 5270 testanda
1495 5219 1558 5270 ’binc
1592 5219 1690 5268 nutudt
1750 5221 1845 5282 'tegnas
1908 5235 1939 5270 ne
2026 5223 2107 5270 testas
2277 5219 2293 5280 Ἰ

304 5315 317 5324 ·
377 5298 483 5362 dicunt
518 5299 564 5362 illi
596 5323 691 5385 quare
712 5299 852 5389 discipuli
881 5301 1005 5366 loannis
1027 5311 1057 5366 ct
1076 5301 1307 5387 pharisaeorum
1329 5300 1465 5366 ieiunant
1500 5301 1544 5364 tul
1588 5309 1687 5364 eutem
1727 5299 1867 5386 discipuli
1895 5322 1959 5364 non
1987 5299 2148 5365 ieiunant?
2191 5301 2239 5366 19.
2264 5300 2306 5366 Et
