4966 6294
1255 422 1505 496 ..54-

474 618 552 667 allum
633 630 741 678 cyuuum
817 632 847 678 gs
882 619 1017 668 wutudltcs
1052 621 1192 681 giworhtun
1226 620 1263 670 'ea
1279 622 1292 669 t
1309 622 1356 670 hire
1390 623 1445 671 eota
1462 622 1473 670 t
1491 619 1578 682 hydsls
1632 618 1742 668 beatam
1885 619 1982 681 mtsey
2019 621 2181 682 wssgihered
2213 621 2348 675 'temeldor-

443 695 586 760 omnibus
607 695 773 782 gentibus?
805 717 862 760 uos
907 707 1009 761 autem
1071 699 1184 764 fecistis
1266 722 1335 766 eam
1398 699 1579 786 speluncam
1609 699 1774 762 lanosum.
1818 698 1866 762 18.
1896 697 1968 777 Quo
2040 699 2143 764 audito
2247 704 2318 788 priu-
2360 771 2363 774 ,

442 845 566 882 manuum
631 834 732 882 sacerdo
800 832 815 892 Ἰ
853 833 989 882 obrutum
1067 834 1158 885 sobtun
1254 837 1288 884 hu
1307 837 1354 884 his
1406 837 1465 885 hinc
1499 835 1626 898 gicwsllun
1646 834 1755 882 mettun
1790 834 1948 884 ondreorduu
1983 835 2079 886 tesbon
2121 836 2178 886 hius
2253 839 2330 890 tortos

454 912 537 997 cipes
578 910 774 976 sacerdotum
796 921 827 976 et
865 913 983 978 scribae
1015 914 1204 997 quaerebant
1225 913 1382 998 quomodo
1403 933 1475 978 eum
1547 913 1723 998 perderent.
1793 913 1944 979 timebant
1991 914 2073 980 enim
2114 935 2184 979 eum
2228 920 2349 1002 quoniam

501 1048 534 1096 ull
629 1047 702 1097 ’erest
736 1061 791 1096 uns
809 1050 956 1110 gtwundrad
1006 1050 1059 1098 oter
1159 1050 1210 1098 lare
1293 1050 1332 1098 hta
1375 1057 1376 1062 ’
1484 1046 1499 1109 Ἰ
1546 1049 1643 1111 mi’e’ey
1700 1051 1768 1098 etam
1820 1051 1945 1112 glwordm
1979 1065 2053 1101 ¹svsss
2117 1053 2179 1100 trem
2197 1053 2272 1101 toerda
2330 1057 2350 1103 ot

443 1126 586 1191 uniuersa
618 1126 710 1190 turba
747 1125 958 1190 admirabatur
986 1150 1079 1213 super
1111 1127 1251 1192 doctriua
1283 1129 1357 1192 eius.
1401 1129 1450 1194 19.
1472 1127 1514 1192 Et
1555 1149 1625 1192 cum
1668 1147 1797 1213 uespera
1847 1129 1927 1192 facta
1981 1137 2061 1194 esset
2091 1129 2296 1215 egrediebatur
2321 1132 2350 1196 de

456 1268 539 1312 castre
702 1261 718 1322 Ἰ
762 1263 858 1325 mibby
897 1265 970 1313 arlico
1012 1263 1171 1313 oterIoerduu
1227 1263 1331 1324 gisegun
1376 1263 1444 1314 'bone
1461 1265 1568 1314 hebeom
1619 1263 1695 1326 dryga
1747 1265 1861 1314 brordan
1901 1267 1931 1316 ot
1962 1271 2125 1326 wyrtnrmum
2265 1265 2279 1325 Ἰ
2325 1272 2350 1316 sn

444 1341 576 1404 ciuitate.
620 1341 670 1408 20.
691 1339 733 1404 Et
778 1363 848 1405 cum
894 1363 984 1405 mene
1012 1343 1179 1405 transirent
1212 1341 1357 1406 uiderunt
1429 1343 1522 1407 ficum
1601 1343 1719 1407 aridam
1749 1344 1862 1408 motam
1903 1367 1921 1407 a
1962 1335 2127 1409 radicibus.
2186 1346 2234 1408 21.
2253 1344 2290 1409 Et
2315 1369 2350 1410 re

446 1477 576 1538 gimyndig
594 1491 648 1526 was
696 1485 782 1540 petrus
833 1477 912 1527 eua'e
946 1477 997 1525 blm
1034 1478 1057 1524 la
1076 1479 1151 1526 laroc
1186 1479 1266 1527 hcono
1303 1478 1349 1528 'oss
1367 1480 1474 1528 ficbsom
1516 1478 1584 1528 bem
1637 1479 1676 1530 'eu
1694 1481 1776 1530 osrede
1844 1480 1981 1542 gldnrgade
2138 1478 2153 1541 Ἰ
2197 1482 2337 1543 peresuros

401 1556 420 1618 5
474 1555 619 1620 cordatus
686 1555 796 1620 Petrus
837 1556 914 1621 dixit
961 1557 987 1620 ei
1040 1555 1142 1621 Rabbi
1195 1577 1267 1622 ecce
1355 1557 1432 1622 ficus
1528 1559 1578 1623 cui
1621 1559 1806 1625 maledixisti
1866 1561 1954 1624 aruit
2042 1561 2092 1625 22.
2121 1560 2163 1625 Et
2187 1562 2349 1648 respondens
2419 1607 2420 1630 ;

440 1692 533 1740 behet
569 1691 648 1741 ewe'o
677 1691 742 1741 bem
776 1693 866 1740 habbas
902 1693 992 1754 giteota
1027 1693 1102 1754 godes
1240 1693 1299 1742 'so’e
1334 1694 1457 1744 icewe’eo
1496 1697 1545 1744 tow
1596 1693 1648 1770 pte
1716 1710 1767 1746 swa
1784 1698 1838 1745 hwa
1896 1696 1995 1746 ewebss
2030 1697 2130 1747 ’essum
2166 1711 2231 1746 more
2261 1699 2349 1758 mnium

441 1771 528 1835 Iesus
592 1771 634 1833 ait
676 1770 735 1833 illis
765 1771 875 1836 habete
902 1769 996 1834 fidem
1034 1769 1105 1836 Dei.
1149 1770 1199 1834 23.
1222 1773 1325 1836 Amen
1370 1773 1439 1837 dieo
1481 1773 1569 1837 uobis
1591 1775 1663 1862 quia
1691 1775 1865 1862 quicunque
1890 1775 2004 1840 dixerit
2045 1776 2118 1840 huic
2150 1777 2243 1841 monti
2262 1777 2347 1841 tollere

446 1905 462 1966 Ἰ
518 1906 594 1956 sende
646 1911 670 1956 in
722 1921 755 1955 sa
809 1903 825 1965 Ἰ
871 1920 903 1956 ne
944 1909 1013 1956 tuias
1031 1909 1043 1956 t
1060 1922 1091 1956 ne
1109 1907 1197 1970 twiogs
1233 1911 1259 1956 in
1294 1909 1378 1958 hscrts
1419 1910 1457 1958 his
1502 1911 1533 1959 ah
1584 1913 1621 1972 gii
1635 1911 1732 1972 gilsfe’e
1766 1911 1859 1961 turbon
1904 1927 1954 1961 swa
1974 1914 2044 1962 huet
2061 1927 2112 1962 swa
2147 1913 2177 1962 he
2195 1914 2299 1963 evase

442 1996 473 2050 et
492 1987 612 2050 mittere
639 1987 672 2048 iu
692 2007 779 2050 mare
802 1995 831 2050 et
853 2008 917 2050 non
975 1986 1173 2051 haesitauerit
1230 1988 1262 2050 in
1291 1987 1385 2053 corde
1407 2010 1463 2052 suo
1492 1989 1548 2053 sed
1572 1989 1739 2056 crediderit
1774 1989 1846 2075 quia
1901 1992 2107 2076 quodcunque
2174 1992 2278 2057 dixerit
2311 1993 2345 2054 fiat

439 2124 475 2172 sie
494 2123 546 2172 sald
582 2122 633 2170 him
804 2113 875 2173 ibon
946 2125 969 2173 ic
987 2122 1091 2174 eweo’eo
1128 2127 1173 2171 iew
1252 2125 1285 2173 ull
1346 2138 1396 2172 swa
1408 2127 1480 2173 hwtst
1492 2139 1542 2174 swa
1575 2123 1694 2186 gebtddas
1728 2126 1876 2188 tgiowtgas
1909 2128 1995 2190 giletus
2013 2143 2042 2190 ge
2100 2127 2178 2178 bene
2235 2143 2262 2190 gs
2280 2130 2334 2176 onies

460 2201 513 2264 fiet
585 2199 623 2264 ei.
678 2201 728 2262 24.
751 2199 921 2287 Propterea
983 2203 1052 2266 dico
1103 2203 1191 2267 uobis
1213 2203 1318 2270 omnia
1344 2225 1545 2288 quaecunque
1575 2213 1697 2270 orantes
1749 2204 1851 2292 petitis
1919 2206 2034 2271 credite
2105 2206 2178 2292 quia
2223 2207 2343 2292 accipietis

445 2335 461 2396 Ἰ
504 2335 623 2399 biuyms’o
664 2337 740 2386 iowih
887 2336 902 2396 Ἰ
941 2339 1037 2402 mreey
1073 2343 1213 2403 gebio’bun
1227 2341 1363 2391 stondendc
1400 2345 1426 2388 to
1461 2339 1613 2402 gihtddsuue
1648 2343 1748 2390 totietas
1761 2342 1904 2402 ttorgeofss
1938 2345 1976 2404 gu
2007 2344 2062 2392 hwa
2115 2343 2198 2391 hubba
2265 2339 2309 2388 wib

439 2427 469 2480 et
490 2417 633 2481 euenient
655 2416 751 2479 uobis.
796 2415 846 2479 25.
870 2415 911 2479 Et
951 2441 1022 2482 cum
1169 2418 1285 2482 stabitis
1391 2417 1430 2482 ad
1460 2418 1611 2482 orandum
1704 2419 1846 2484 dimittite
1939 2421 1964 2483 si
1991 2421 2065 2508 quid
2088 2423 2207 2488 habetis
2226 2419 2342 2482 aduersos

437 2553 513 2600 hwelc
534 2552 637 2612 hwocgu
656 2549 720 2599 oser
739 2549 803 2609 ’sing
853 2548 904 2624 *pte
939 2550 955 2610 Ἰ
992 2554 1068 2603 seder
1109 2558 1183 2605 iowar
1227 2571 1253 2605 se
1288 2570 1320 2604 on
1355 2556 1472 2605 heofnum
1507 2559 1529 2605 is
1581 2554 1696 2617 tergens
1749 2557 1799 2604 icw
1873 2570 1951 2618 synna
2003 2558 2077 2606 iowre
2216 2555 2294 2606 ense
2320 2555 2343 2613 gh

379 2633 418 2694 10
566 2629 702 2714 aliquem
868 2640 902 2692 ut
937 2641 966 2694 et
988 2643 1076 2716 pater
1096 2644 1198 2698 uester
1218 2636 1270 2720 qui
1298 2635 1329 2697 in
1369 2631 1461 2698 coelis
1497 2641 1543 2697 est
1570 2633 1702 2698 dimittat
1729 2635 1818 2700 uobis
1845 2644 1969 2722 peecata
1991 2645 2102 2700 uestra.
2146 2635 2195 2700 26.
2223 2631 2341 2712 Quodsi

438 2767 512 2815 tewih
547 2780 579 2814 nc
623 2765 706 2813 wallus
726 2767 835 2826 sorgeots
870 2779 900 2814 ne
941 2767 1016 2816 tader
1062 2771 1138 2818 lower
1172 2772 1244 2822 sebe
1280 2787 1312 2821 on
1359 2771 1451 2819 beornd
1486 2773 1508 2818 is
1551 2772 1656 2830 sorgsies
1715 2771 1764 2818 iow
1829 2785 1908 2833 synna
1965 2774 2039 2821 lovere
2197 2769 2213 2831 Ἰ
2263 2781 2331 2818 couno

444 2868 499 2910 uos
532 2866 596 2908 non
639 2843 815 2908 dimiseritis
858 2866 915 2908 nec
937 2857 1025 2930 pater
1044 2859 1148 2928 uester
1182 2853 1234 2936 qui
1280 2851 1311 2913 in
1354 2849 1448 2916 coelis
1471 2857 1516 2912 est
1536 2847 1666 2912 dimittet
1687 2849 1776 2913 uobis
1797 2859 1922 2936 peecata
1943 2861 2054 2915 uestra.
2105 2851 2156 2914 27.
2179 2849 2219 2914 Et
2246 2847 2341 2912 ueniunt

436 2987 496 3033 atter
515 2996 576 3032 sons
644 2981 671 3030 in
689 2980 784 3029 hierocl
864 2979 880 3039 Ἰ
917 2982 974 3031 ιοΡὸ
988 2984 1023 3042 by
1083 2987 1171 3045 gisode
1229 2990 1255 3034 in
1291 2989 1382 3049 tempel
1417 2985 1591 3046 ginesiieadun
1626 2991 1653 3035 tc
1699 2986 1750 3033 him
1781 2989 1784 2995 '
1815 2985 1861 3033 bsh
1950 2985 2062 3034 noardes
2139 2983 2155 3043 Ἰ
2198 2983 2293 3034 ubwutn
2327 2976 2337 3036 Ἰ

448 3083 552 3125 rursus
594 3059 831 3144 lerosolymam.
856 3069 887 3124 et
932 3083 1003 3124 cum
1036 3064 1208 3130 ambularet
1229 3067 1261 3129 in
1283 3065 1398 3153 templo
1430 3065 1580 3130 accedunt
1620 3063 1661 3128 ad
1691 3087 1762 3128 eum
1788 3063 1900 3128 summi
1926 3063 2100 3129 sacerdotes
2134 3074 2165 3128 et
2191 3063 2295 3126 scribae
2320 3068 2338 3120 et

445 3198 481 3246 ba
500 3198 576 3245 aidru
697 3195 713 3256 Ἰ
752 3198 856 3246 ewedun
891 3198 942 3245 him
977 3201 1003 3248 in
1039 3201 1128 3250 hwelee
1181 3203 1269 3251 mahte
1331 3201 1379 3250 tiss
1419 3201 1454 3250 bu
1473 3201 1533 3250 does
1568 3197 1584 3258 Ἰ
1621 3201 1699 3250 hwele
1733 3200 1768 3250 'be
1817 3202 1885 3250 sslds
1938 3201 1987 3250 ’cas
2082 3203 2170 3250 mahte
2236 3198 2279 3275 pte
2306 3197 2337 3243 ἤιε

435 3276 571 3339 seniores
615 3276 664 3339 28.
688 3287 719 3339 et
748 3273 853 3341 dieunt
894 3278 921 3340 ei
968 3275 1000 3340 iu
1040 3300 1102 3362 qua
1142 3289 1292 3366 potestate
1313 3280 1389 3344 haee
1424 3279 1521 3343 lueis?
1562 3289 1594 3344 et
1624 3280 1692 3366 quis
1725 3280 1781 3344 tibi
1810 3279 1894 3345 dedit
1921 3279 2003 3345 hane
2034 3291 2215 3367 potestatem
2249 3289 2276 3344 ut
2297 3277 2336 3336 iste

444 3414 483 3464 'bu
502 3415 560 3463 does
682 3415 717 3465 ’be
736 3415 784 3462 hat
818 3413 917 3463 sobllce
961 3412 1122 3463 endsworade
1156 3413 1234 3464 ewae’e
1270 3417 1365 3464 tobim
1418 3416 1441 3464 io
1457 3416 1570 3478 girragno
1615 3414 1689 3463 touih
1730 3412 1746 3473 Ἰ
1792 3417 1817 3463 ie
1884 3430 1930 3464 sne
1999 3417 2081 3464 words
2144 3413 2160 3475 Ἰ
2209 3411 2327 3464 oudaordss

436 3493 554 3556 facias?
610 3493 660 3556 29.
690 3492 779 3558 lesus
811 3503 914 3557 autem
944 3493 1135 3580 respondeus
1177 3495 1219 3556 ait
1288 3493 1349 3557 illis
1395 3493 1594 3578 interrogabo
1626 3515 1682 3556 uos
1726 3503 1755 3556 et
1776 3514 1835 3579 ego
1858 3515 1953 3560 unum
1975 3495 2106 3560 uerbum
2133 3508 2164 3560 et
2188 3490 2338 3579 respondete

456 3643 494 3677 ms
557 3627 573 3686 Ἰ
610 3631 633 3676 ic
651 3628 739 3677 coebo
792 3632 840 3678 iow
890 3630 917 3677 iu
951 3643 1001 3678 swa
1016 3630 1107 3680 hwelce
1166 3630 1254 3676 mahte
1332 3629 1381 3678 ’oss
1441 3629 1488 3679 doe
1505 3631 1529 3679 ic
1700 3629 1799 3678 tulwiht
1869 3629 1989 3679 iohannes
2032 3633 2061 3679 ot
2094 3632 2184 3682 heolus
2219 3642 2267 3678 was
2295 3627 2337 3672 hou

379 3709 417 3774 15
439 3706 515 3770 mibi
547 3716 576 3769 et
624 3707 723 3770 dicam
765 3708 854 3772 uobis
884 3707 917 3770 iu
998 3731 1059 3795 qua
1132 3716 1282 3793 potestate
1314 3707 1389 3772 baec
1424 3709 1543 3772 faciam.
1586 3708 1637 3772 30.
1657 3706 1832 3794 Baptismus
1863 3707 1991 3772 Ioannis
2023 3708 2062 3772 de
2094 3710 2181 3776 coelo
2213 3715 2272 3772 erat
2301 3722 2329 3763 sn

512 3871 633 3908 mounum
754 3859 902 3908 andwordas
969 3874 1008 3908 me
1145 3859 1223 3909 euae’e
1264 3859 1291 3908 br
1326 3859 1375 3909 sub
1393 3861 1439 3908 his·
1457 3861 1601 3920 gismeadun
1636 3861 1693 3910 mi’b
1712 3863 1762 3909 him
1799 3859 1935 3909 owe'eeuds
1969 3861 2008 3920 gu
2039 3874 2070 3921 ge
2083 3861 2199 3912 eusebes
2231 3861 2257 3908 ot
2274 3855 2338 3904 heht

437 3960 476 4002 ex
497 3937 699 4003 hominibus?
737 3938 921 4024 respondete
950 3937 1035 4002 mihi.
1078 3940 1128 4002 31.
1167 3939 1213 4003 At
1260 3938 1305 4001 illi
1376 3939 1552 4024 cogitabant
1651 3962 1755 4005 secum
1805 3939 1939 4003 dicentes
1976 3940 2002 4003 si
2031 3940 2202 4006 dixerimus
2223 3933 2257 4002 de
2275 3930 2362 4034 coelo,

435 4095 465 4140 he
482 4093 524 4141 wil
543 4091 646 4142 cwee'ea
681 4092 793 4140 iorhwon
831 4089 919 4140 ’donne
962 4104 994 4138 ne
1046 4091 1142 4153 gilefsb
1160 4105 1189 4150 ge
1224 4091 1275 4139 him
1407 4094 1446 4153 git
1478 4107 1507 4154 ge
1524 4091 1640 4140 cweobas
1674 4093 1735 4138 from
1810 4096 1903 4141 monuit
1976 4106 2012 4141 we
2029 4094 2188 4144 ondroordun
2232 4091 2277 4140 eor
2292 4085 2327 4134 rote

499 4170 580 4236 dicet
692 4191 787 4254 quere
836 4191 913 4256 ergo
941 4191 1005 4234 uon
1031 4168 1201 4234 credidistis
1223 4169 1276 4234 ei?
1331 4170 1381 4233 32.
1409 4167 1444 4235 Si
1474 4170 1641 4234 dixerimus
1684 4191 1723 4234 ex
1765 4169 1941 4234 hominibus
2016 4171 2160 4238 timemus
2211 4166 2339 4255 populun·

477 4325 511 4371 all
566 4324 661 4372 forban
707 4322 809 4370 balden
896 4323 951 4370 iohs
1021 4323 1114 4374 ior’eon
1149 4321 1247 4372 subitae
1318 4325 1392 4384 witgs
1462 4337 1517 4371 was
1663 4317 1679 4379 Ἰ
1734 4321 1901 4381 oudworde]
1960 4324 2038 4372 euseb
2076 4325 2169 4374 'sehet
2203 4325 2339 4372 secutores

439 4424 545 4466 omnes
567 4401 650 4465 enim
671 4400 829 4464 habebant
847 4399 999 4465 loannem
1031 4402 1103 4488 quia
1154 4423 1227 4466 uere
1266 4401 1418 4487 propheta
1439 4413 1527 4466 esset.
1569 4402 1620 4465 33.
1643 4400 1684 4464 Et
1705 4400 1926 4486 respondentes
1947 4402 2053 4466 dieunt
2092 4403 2165 4466 lesu
2205 4397 2335 4464 nescimus·

511 4553 644 4602 oudwordo
699 4551 732 4601 be
750 4553 799 4599 hai
833 4553 910 4601 ewae'b
946 4560 972 4601 to
992 4553 1041 4601 him
1094 4568 1125 4600 ne
1213 4556 1235 4602 ie
1278 4555 1302 4602 ic
1319 4552 1407 4603 cwcbo
1454 4557 1502 4603 iow
1545 4557 1572 4602 in
1607 4554 1661 4602 hwa
1678 4555 1781 4603 hwelcer
1841 4555 1929 4602 maebte
2005 4554 2053 4603 'bas
2101 4558 2124 4602 ie
2142 4553 2197 4615 doris

434 4647 464 4698 et
485 4632 674 4717 respondens
704 4631 791 4696 lesus
849 4631 891 4692 ait
963 4629 1024 4692 illis
1066 4653 1167 4716 neque
1188 4653 1247 4717 ego
1311 4633 1379 4696 dico
1433 4632 1521 4697 uobis
1547 4633 1579 4694 in
1663 4655 1724 4717 quo
1806 4643 1956 4719 potestate
1986 4633 2062 4696 baec
2091 4634 2206 4698 faciam.

830 4779 845 4838 Ἰ
897 4795 977 4842 ongan
1028 4781 1094 4830 ’dam
1112 4782 1192 4830 thim
1235 4787 1261 4832 tn
1311 4784 1446 4846 bispellum
1496 4798 1596 4847 spresca
1630 4785 1755 4843 wiugsord
1836 4785 1923 4844 glsette
2009 4799 2068 4834 mon
2120 4783 2136 4844 Ἰ
2189 4775 2300 4844 ymbesldt

374 4867 414 4928 20
562 4860 639 4947 Gap.
661 4859 738 4924 XII.
764 4862 789 4921 l.
812 4859 853 4922 Et
885 4860 985 4943 coepit
1090 4859 1149 4922 illis
1234 4862 1265 4923 in
1305 4861 1458 4947 parabolis
1502 4863 1598 4947 loqui.
1630 4864 1752 4927 uincam
1787 4864 1951 4949 pastiuauit
1981 4864 2076 4928 homo
2109 4875 2138 4928 et
2169 4847 2338 4925 circumdedit

445 5015 525 5065 scobs
574 5012 590 5072 Ἰ
629 5015 683 5062 deli
732 5013 795 5061 seab
847 5008 863 5069 Ἰ
901 5009 1049 5071 gitimbrada
1106 5019 1157 5060 tarr
1224 5011 1240 5071 Ἰ
1279 5012 1315 5062 '6⁸
1332 5014 1420 5073 agell
1440 5014 1520 5062 oreste
1564 5014 1600 5062 ’os
1641 5015 1706 5064 bem
1725 5003 1919 5076 iondbigeugum
1961 5013 1977 5073 Ἰ
2050 5018 2101 5064 seor
2167 5009 2267 5074 gircaea
2282 5005 2291 5050 l
2305 5002 2336 5046 tae

436 5116 541 5180 sepem
563 5103 594 5158 et
615 5093 694 5157 fodit
715 5091 816 5154 lacum
839 5101 868 5152 ct
887 5089 1060 5154 sedilioauit
1082 5091 1191 5153 turrim
1214 5101 1243 5153 et
1346 5089 1459 5154 locauit
1540 5113 1607 5154 eam
1701 5093 1844 5178 agricolis
1948 5104 1979 5157 et
2000 5115 2131 5180 peregre
2179 5087 2314 5176 profectu
2419 5149 2420 5152 ,

435 5247 511 5293 rende
532 5259 586 5295 waes
723 5243 739 5302 Ἰ
787 5243 863 5290 sende
906 5249 932 5290 to
970 5243 1036 5292 ’haem
1054 5241 1247 5304 londbigengum
1281 5254 1313 5289 on
1378 5243 1430 5291 tide
1534 5257 1604 5292 esues
1657 5240 1709 5317 *fite
1743 5245 1805 5294 from
1841 5245 1908 5295 eam
1925 5247 2115 5296 londbuendum
2174 5243 2267 5298 oniense
2315 5231 2337 5273 ⁰l

478 5334 532 5387 est
647 5325 676 5386 2.
708 5322 749 5386 Et
783 5321 866 5385 misit
905 5320 943 5382 ad
1026 5319 1178 5406 agricolas
1281 5320 1313 5382 in
1340 5330 1478 5405 tempore
1505 5342 1630 5384 seruum
1670 5332 1703 5384 ut
1753 5321 1793 5386 ab
1903 5325 2048 5408 agricolis
2144 5320 2281 5404 acciperet
2304 5304 2335 5367 dt
