4966 6294
1535 223 1985 324 (teatensem-

1057 477 1106 494 r.
1157 441 1207 516 43
1258 481 1307 494 ..

189 649 242 712 scip
294 663 324 698 na
393 645 493 697 haidau
569 645 655 696 hlorde
718 641 735 705 Ἰ
772 655 853 706 angen
919 643 977 691 lara
1038 643 1084 691 bie
1119 644 1187 692 {coin
1204 642 1217 690 l
1234 644 1334 703 menige
1454 637 1469 699 Ἰ
1507 639 1603 700 miter
1638 639 1737 689 aoblics
1772 639 1875 688 stondas
1911 641 2120 699 morigenatos

180 750 254 793 oues
277 749 344 792 non
365 727 514 790 habentes
535 733 688 811 pastorem
711 733 742 786 et
762 722 863 808 coepit
885 721 997 786 docere
1019 721 1089 786 illos
1172 721 1278 784 multa.
1363 720 1413 784 35.
1435 718 1476 782 Et
1516 740 1586 782 cum
1655 719 1716 782 iam
1786 719 1863 782 hora
1911 717 2008 782 multa
2032 717 2120 782 fieret

178 873 205 914 to
224 864 399 924 mneohcadnn
444 863 539 923 mpura
601 860 639 908 bis
674 857 795 908 anabaud
813 859 865 907 him
900 857 1000 919 unbysd
1017 858 1029 906 i
1047 859 1132 918 vestig
1167 859 1189 905 is
1244 859 1306 905 stow
1341 855 1385 904 bis
1421 869 1448 903 ec
1482 854 1534 904 soh
1568 854 1621 902 tide
1639 855 1660 902 is
1696 855 1749 904 fore
1766 854 1839 915 glead
2029 854 2103 903 lorlst

193 951 389 1009 accesserunt
420 938 561 1028 discipuli
583 939 646 1003 eius
702 937 837 1001 dicentes
943 935 1080 1000 desertus
1156 945 1202 1000 est
1228 935 1313 999 locus
1335 933 1386 998 liic
1419 943 1449 999 et
1479 933 1540 996 iam
1574 933 1652 998 hora
1683 933 1848 1018 praeteriit
1915 932 1965 998 36.
1988 930 2118 998 Dimitte

180 1083 222 1131 hia
238 1082 249 1130 l
267 1081 304 1130 ’ta
338 1078 423 1155 phio
457 1090 537 1140 gonga
572 1077 599 1125 in
621 1075 656 1126 ’δι
716 1081 790 1125 nsaht
860 1075 963 1135 gimsrn
997 1070 1014 1133 Ἰ
1056 1073 1117 1122 lond
1153 1073 1241 1132 hyccas
1258 1071 1270 1117 i
1288 1073 1387 1134 esoplas
1428 1070 1480 1117 him
1515 1074 1577 1118 matt
1613 1069 1649 1118 ’ha
1668 1071 1703 1120 ’te
1799 1075 1866 1118 actas
2090 1067 2106 1131 Ἰ

207 1160 277 1225 illos
362 1168 395 1222 ut
446 1165 552 1220 euntes
593 1153 626 1217 in
668 1153 826 1241 proximas
864 1152 954 1216 uillas
987 1161 1017 1218 e't
1046 1152 1131 1216 uicos
1216 1161 1320 1214 emant
1423 1149 1481 1214 sibi
1502 1149 1586 1214 cibos
1619 1171 1696 1233 quos
1731 1147 1927 1213 manducent.
1994 1149 2045 1214 37.
2077 1147 2118 1212 Et

199 1313 358 1362 ondsworadc
393 1307 471 1358 ereb
506 1307 595 1356 tobim
631 1304 725 1355 nansi
759 1307 832 1355 sellas
869 1305 934 1355 ham
970 1307 1018 1355 low
1033 1304 1089 1354 mi'b
1123 1313 1149 1353 to
1171 1309 1294 1353 ecmonus
1350 1299 1367 1361 Ἰ
1423 1303 1525 1352 credun
1561 1304 1613 1352 blm
1645 1303 1702 1353 mih
1713 1304 1843 1366 byssaun
1872 1251 1997 1366 geneseus
2012 1304 2023 1353 1
2037 1319 2067 1366 μ
2081 1320 2118 1356 we

182 1389 370 1478 respondens
410 1388 453 1451 ait
515 1385 576 1450 illis
628 1384 716 1452 lesus
756 1383 827 1449 date
867 1383 929 1447 illis
1000 1407 1056 1450 uos
1108 1383 1306 1448 manducare.
1338 1392 1369 1447 et
1398 1380 1544 1446 dixerunt
1571 1383 1599 1445 ci
1689 1393 1795 1447 euntes
1920 1405 2057 1448 emamus

181 1527 232 1575 mid
242 1527 379 1590 paningnm
413 1531 491 1572 mam
509 1521 644 1571 hundra'hu
697 1521 763 1570 hiala
803 1519 819 1581 Ἰ
869 1521 929 1571 selle
947 1533 983 1568 we
1018 1523 1069 1570 blm
1122 1527 1148 1570 to
1167 1527 1272 1569 eotanne
1434 1516 1450 1577 Ἰ
1488 1517 1566 1568 catab
1601 1517 1700 1567 tobim
1747 1520 1818 1566 hwaet
1860 1520 1926 1568 blata
1979 1521 2072 1569 hebbae
2090 1535 2120 1582 gc

213 1604 346 1669 denariis
447 1601 586 1668 ducentis
679 1621 773 1687 panes
795 1608 826 1665 et
846 1599 987 1664 dabimus
1008 1599 1069 1664 illis
1090 1597 1302 1664 manducare?
1344 1599 1394 1662 38.
1417 1596 1458 1661 Et
1489 1596 1561 1660 dicit
1632 1599 1675 1663 eis
1738 1609 1814 1686 quot
1844 1620 1939 1686 panes
1973 1600 2119 1667 habetis?
2160 1603 2181 1666 5

181 1741 233 1803 gas
277 1739 292 1801 Ἰ
331 1739 420 1799 macab
471 1736 487 1798 Ἰ
526 1737 622 1798 antony
681 1749 836 1786 oneneownn
895 1735 999 1784 cwsdun
1034 1740 1060 1784 to
1079 1735 1130 1784 him
1198 1737 1241 1784 tile
1325 1731 1340 1793 Ἰ
1384 1743 1477 1797 twoege
1521 1736 1594 1785 ssscas
1756 1732 1773 1795 Ἰ
1842 1737 1931 1786 bibead
2001 1737 2053 1785 him
2087 1734 2114 1812 ᾗ

191 1822 232 1883 ite
275 1829 305 1882 et
333 1818 439 1882 ulditc.
462 1828 493 1882 et
539 1837 610 1880 omn
651 1817 871 1902 cognouissent
902 1814 1009 1878 dicunt
1066 1813 1113 1879 illi
1155 1813 1292 1900 quinque
1323 1824 1354 1879 et
1395 1813 1471 1878 duos
1509 1815 1616 1900 pisces.
1676 1815 1726 1878 39.
1748 1813 1790 1879 Et
1814 1815 1969 1903 praecepit
1994 1816 2054 1880 illis
2086 1828 2120 1881 ut

190 1955 237 2003 bia
255 1955 353 2016 glsnlds
576 1954 624 2001 alle
724 1953 793 2001 aner
1100 1951 1153 1999 olor
1203 1963 1322 2010 grossum
1358 1949 1433 2012 begga
1451 1950 1462 1998 i
1479 1964 1546 2011 grase
1666 1949 1682 2012 Ἰ
1734 1952 1861 2013 gidaldnn
1879 1953 1925 2002 hlae
1963 1958 1989 2004 tn

182 2035 364 2098 accumbere
385 2034 521 2098 lacerent
542 2053 649 2096 omnes
669 2030 838 2094 secundum
861 2028 1062 2095 contubernia
1083 2049 1176 2116 super
1219 2028 1316 2094 uiride
1379 2029 1514 2095 foenum.
1578 2031 1628 2093 40.
1651 2029 1692 2094 Et
1713 2031 1933 2096 discubuenmt
1959 2035 1991 2097 in
2013 2045 2116 2122 partes

272 2169 390 2220 hundre’h
433 2169 450 2229 Ἰ
506 2168 569 2219 'harh
587 2169 697 2228 tiitignrn
856 2165 872 2226 Ἰ
910 2165 967 2216 ml’d
981 2165 1017 2227 ’dy
1030 2179 1113 2242 vernn
1126 2181 1159 2216 on
1179 2168 1264 2215 alanne
1348 2167 1380 2214 iil
1488 2168 1581 2215 hialim
1632 2165 1648 2227 Ἰ
2013 2172 2100 2222 loeade

184 2271 239 2334 per
260 2261 405 2314 centenos
428 2257 458 2312 et
480 2247 724 2334 quinquagenos.
768 2248 818 2309 41.
841 2244 882 2310 Et
1018 2245 1150 2332 acceptis
1295 2245 1432 2331 quinque
1461 2245 1590 2331 panibus
1622 2257 1653 2310 et
1684 2247 1803 2312 duobus
1835 2249 1969 2335 piscibus
1996 2251 2118 2316 intuens

183 2401 214 2436 ou
258 2387 360 2435 hsotnas
410 2383 545 2446 giblctsade
585 2380 601 2444 Ἰ
648 2384 711 2431 brec
753 2381 788 2432 ’δι
806 2383 885 2431 tiaras
919 2379 936 2442 Ἰ
979 2382 1047 2432 saido
1122 2382 1235 2444 hemum
1293 2383 1331 2432 his
1365 2380 1418 2456 pte
1454 2383 1499 2431 his
1517 2387 1605 2442 glsotta
1639 2385 1719 2433 hiiora
1760 2385 1805 2434 hie
1839 2382 1856 2445 Ἰ
1893 2395 1987 2449 twoaga
2038 2389 2112 2438 tincas

183 2467 215 2528 in
243 2466 366 2532 coelum
393 2464 553 2531 benedixit
580 2463 728 2550 etfregit
776 2485 871 2549 panes
915 2473 946 2527 et
977 2461 1063 2526 dedit
1098 2461 1254 2548 discipulis
1286 2462 1348 2525 suis
1380 2471 1413 2524 ut
1460 2472 1611 2550 ponerent
1645 2473 1716 2527 ante
1757 2485 1810 2528 eos
1832 2475 1862 2529 et
1898 2464 1976 2530 duos
2019 2467 2116 2553 pisces

201 2604 279 2653 delda
338 2605 414 2652 allum
586 2600 602 2661 Ἰ
741 2608 801 2650 mun
930 2595 1017 2660 Ἰι11ι
1059 2596 1074 2658 Ἰ
1117 2597 1211 2661 gliylds
1246 2611 1329 2646 werun
1449 2597 1465 2659 Ἰ
1536 2601 1657 2661 &nemun
1727 2600 1762 2651 ’hs
1778 2600 1828 2651 laio
1889 2600 1952 2651 ’διιι
1968 2604 2105 2666 scradunga

184 2683 286 2747 diuisit
306 2683 457 2747 omnibus.
500 2682 551 2746 42.
573 2679 616 2745 Et
636 2680 903 2746 manducauernnt
923 2700 1029 2744 omncs
1052 2688 1082 2743 et
1102 2677 1228 2742 sahrrati
1249 2687 1329 2742 suut.
1369 2678 1420 2742 43.
1434 2677 1477 2742 Et
1496 2679 1685 2744 sustulerunt
1705 2679 1851 2764 reliquias
1872 2681 2117 2768 fragmentorum
2141 2686 2180 2749 10

235 2820 304 2868 taali
397 2818 501 2867 ceorlas
566 2817 628 2866 lulla
678 2816 695 2877 Ἰ
733 2820 760 2866 ot
824 2817 884 2866 fisce
1031 2828 1114 2863 werun
1149 2814 1283 2864 wutndlice
1312 2813 1392 2864 ’dabo
1519 2823 1579 2865 etun
1752 2819 1786 2868 sst
1853 2818 1955 2868 'bussud
2000 2835 2112 2871 saniona

184 2898 346 2964 duodecim
368 2897 518 2984 cophinos
538 2896 648 2983 plenos
669 2905 699 2959 et
720 2895 759 2959 de
781 2895 934 2980 piscibus.
956 2893 1006 2958 44.
1024 2891 1123 2957 Erant
1163 2903 1266 2958 autem
1316 2893 1369 2980 qui
1408 2889 1673 2960 manducauerunt
1692 2896 1831 2982 quinque
1850 2897 1948 2961 millia
1970 2899 2115 2964 unorum.

268 3031 284 3092 Ἰ
335 3045 399 3082 sona
441 3032 587 3094 ςίδιιιιιᾱι
647 3031 742 3092 baguas
812 3030 849 3078 his
890 3039 915 3080 to
934 3031 1046 3091 stiganna
1082 3031 1109 3078 in
1126 3031 1180 3091 scip
1220 3026 1247 3104 ᾗ
1283 3031 1323 3078 hia
1344 3031 1394 3080 tora
1412 3030 1474 3079 sodo
1519 3031 1577 3078 hine
1627 3034 1678 3082 ofer
1754 3033 1797 3081 luh
1854 3037 1881 3081 to
1952 3034 2005 3083 'ter
2023 3037 2094 3097 byrig

184 3113 235 3176 45.
258 3110 300 3176 Et
317 3111 418 3176 statim
464 3112 566 3196 coegit
607 3110 773 3198 discipulos
795 3131 866 3174 suos
888 3109 1054 3174 ascendere
1081 3107 1185 3172 nanim
1214 3118 1247 3172 ut
1268 3107 1487 3194 praecederent
1508 3131 1579 3174 eum
1600 3120 1685 3176 trans
1713 3112 1826 3178 fretum
1847 3112 1889 3176 ad
1916 3111 2116 3179 Bethsaidam

186 3247 222 3296 bs
240 3249 312 3296 while
347 3250 377 3297 hs
445 3247 561 3296 iarleorte
620 3245 673 3296 ’tet
690 3247 740 3295 tole
893 3243 909 3304 Ἰ
946 3244 1003 3295 mill
1016 3243 1050 3307 by
1109 3245 1212 3294 lealcort
1263 3245 1309 3294 hie
1344 3247 1403 3294 eade
1438 3259 1470 3294 on
1531 3260 1585 3296 mor
1645 3249 1748 3310 gibidds
1867 3246 1883 3309 Ἰ
1920 3251 1977 3301 mi'h
1987 3252 2025 3313 ’sy
2051 3254 2117 3302 siam

213 3326 287 3391 dum
328 3325 394 3414 ipse
414 3325 580 3390 dimitteret
600 3323 759 3412 populum.
807 3325 858 3390 46.
879 3323 921 3388 Et
960 3346 1030 3388 cum
1070 3323 1234 3388 dimisisset
1261 3345 1314 3388 eos
1336 3324 1411 3388 abiit
1435 3325 1467 3387 in
1488 3336 1624 3392 montem
1647 3349 1745 3392 orare.
1788 3329 1839 3392 47.
1854 3327 1896 3392 Ει
1937 3353 2006 3394 cunr
2049 3353 2118 3396 sero

184 3461 296 3523 {lamolt
330 3477 385 3514 was
429 3465 482 3526 scip
523 3476 556 3511 on
590 3462 705 3511 middnm
757 3475 791 3510 sn
838 3456 855 3519 Ἰ
900 3462 930 3510 ho
984 3473 1030 3509 ana
1069 3475 1101 3511 on
1137 3459 1216 3510 sorbo
1339 3457 1356 3520 Ἰ
1406 3460 1481 3522 glaeh
1523 3460 1569 3508 hle
1622 3463 1752 3512 vinnanda
1801 3465 1827 3512 in
1886 3466 1993 3526 rowings
2055 3481 2110 3516 aas

206 3555 285 3610 esset
328 3551 393 3608 crat
415 3542 502 3606 nauis
524 3541 555 3604 in
598 3541 702 3607 medio
732 3540 810 3606 mari
831 3548 862 3605 et
882 3540 949 3626 ipse
969 3540 1052 3604 solus
1074 3539 1105 3602 in
1131 3548 1222 3604 terra.
1266 3537 1316 3602 48.
1333 3537 1375 3602 Et
1396 3538 1504 3604 uidens
1525 3561 1578 3606 eos
1599 3541 1774 3608 laborantes
1796 3543 1828 3606 in
1849 3544 2031 3630 remigando
2052 3557 2119 3611 crat

187 3677 281 3727 tortian
322 3677 388 3726 wind
437 3676 587 3728 'thamni
621 3677 674 3727 him
707 3675 724 3738 Ἰ
760 3680 818 3740 ymb
859 3676 895 3726 ’ha
911 3675 1001 3738 isarna
1042 3689 1142 3726 wacune
1176 3651 1269 3726 nahtcs
1308 3689 1363 3724 com
1403 3682 1428 3724 to
1463 3677 1514 3725 him
1550 3691 1577 3728 se
1594 3678 1642 3726 hal
1680 3682 1809 3740 pangenda
1876 3683 1928 3730 oter
2002 3696 2035 3730 ae
2059 3649 2063 3658 .
2089 3680 2105 3742 Ἰ

188 3755 269 3819 enim
296 3765 404 3820 uentus
426 3757 596 3820 contrarius
626 3756 669 3820 eis
698 3767 729 3821 et
748 3756 829 3821 circa
857 3766 997 3841 quartam
1019 3754 1156 3842 uigiliam
1177 3755 1276 3819 noctis
1297 3755 1382 3821 uenit
1401 3755 1441 3820 ad
1464 3777 1517 3820 eos
1548 3755 1636 3820 Iesus
1666 3757 1828 3823 ambulans
1855 3780 1949 3845 supra
1977 3782 2062 3826 mare
2087 3773 2117 3827 et
2140 3765 2179 3828 15

211 3891 288 3941 walda
368 3892 463 3940 bioerra
522 3892 568 3940 hin
694 3891 744 3942 m’h
778 3890 886 3967 hiep
937 3895 1040 3954 gisognn
1093 3893 1151 3942 hine
1220 3894 1349 3955 pangenda
1432 3895 1485 3942 oter
1544 3907 1577 3942 an
1633 3895 1680 3944 hie
1697 3896 1820 3945 uetadun
1877 3897 1926 3958 ytsl
1945 3896 2005 3945 wiht
2057 3913 2118 3949 ware

185 3969 310 4036 uolebat
329 3970 498 4060 praeterire
518 3993 580 4038 eos.
623 3972 673 4037 49.
696 3971 741 4036 At
779 3971 824 4033 illi
857 3981 890 4034 ut
917 3971 1062 4034 uiderunt
1088 3991 1158 4034 enm
1180 3971 1388 4035 ambulantem
1409 3993 1504 4058 supra
1524 3994 1610 4038 mare
1630 3983 1816 4060 putauenmt
1849 3975 2031 4061 phantasma
2052 3999 2118 4042 esse

192 4123 207 4185 Ἰ
245 4125 379 4189 cllopadun
396 4126 407 4173 l
425 4123 522 4185 nemun
632 4126 680 4173 alls
694 4124 767 4175 &hc
894 4125 952 4174 hina
1004 4125 1108 4184 είιομιιι
1153 4120 1169 4181 Ἰ
1206 4122 1500 4184 gidroetdstnnrotsads
1537 4139 1617 4174 werun
1665 4123 1680 4185 Ἰ
1733 4139 1794 4174 sona
1839 4129 1868 4175 be
1881 4129 2016 4189 apiscendo
2061 4143 2116 4178 waes

184 4215 215 4267 et
249 4205 511 4270 exclamauerunt.
562 4205 612 4270 50.
642 4203 759 4271 Omnes
787 4203 960 4269 enimcum
982 4201 1128 4268 uiderunt
1148 4213 1179 4266 et
1261 4204 1434 4270 conturbati
1538 4213 1619 4268 sunt.
1651 4214 1681 4268 et
1712 4205 1813 4268 statim
1862 4206 1981 4270 locutus
2065 4220 2111 4274 est

193 4353 249 4406 mi’h
284 4357 336 4406 him
369 4354 386 4417 Ἰ
423 4357 501 4406 evah
536 4357 629 4406 tobim
677 4358 765 4419 gilstat
835 4359 860 4406 le
897 4357 944 4405 hita
962 4369 1002 4406 am
1036 4357 1122 4406 uallon
1139 4371 1168 4418 ga
1204 4357 1315 4406 oadrada
1443 4355 1459 4417 Ἰ
1527 4363 1597 4419 astsg
1647 4363 1673 4406 to
1715 4359 1767 4406 blm
1802 4364 1828 4410 ln
1877 4363 1929 4422 scip
1982 4359 1998 4420 Ἰ
2034 4363 2119 4424 giblan

185 4457 255 4500 cum
289 4437 332 4502 eis
364 4446 395 4502 et
422 4435 501 4500 dixit
560 4437 604 4501 eis
652 4436 798 4502 confidite
819 4457 877 4522 ego
916 4457 984 4500 aum
1054 4435 1150 4500 nolite
1204 4435 1321 4500 timere.
1361 4435 1829 4502 clementissimam
1853 4440 1956 4504 nanim
1978 4451 2008 4505 et
2044 4463 2108 4507 ces·

183 4591 274 4638 tsstte
312 4587 345 4638 bs
362 4587 430 4637 wind
478 4585 495 4647 Ἰ
538 4587 627 4638 lorber
666 4589 747 4639 swi'te
782 4589 868 4637 bitwib
902 4587 954 4637 him
988 4589 1083 4650 styltnn
1099 4589 1111 4636 i
1127 4586 1289 4650 ιιιΙειάιιιιἸ
1314 4588 1429 4640 ’bremun
1582 4607 1614 4641 ne
1665 4593 1760 4644 oreon
1847 4607 1998 4644 onencowcn
2087 4598 2115 4644 oi

184 4668 263 4732 sauit
314 4677 432 4732 uentus.
472 4677 503 4731 et
544 4667 614 4754 plus
655 4670 754 4754 magis
783 4668 863 4730 intra
910 4687 944 4730 se
1108 4669 1281 4754 stupebant.
1486 4671 1536 4734 52.
1558 4670 1632 4736 Non
1665 4673 1747 4736 enim
1807 4672 2025 4738 intellexerunt
2075 4675 2114 4738 de

202 4823 295 4870 hialam
347 4833 402 4869 aas
436 4819 529 4870 norton
564 4821 649 4870 hsorta
690 4819 760 4869 hiera
833 4818 974 4870 iorbllndad
1137 4818 1153 4880 Ἰ
1191 4821 1248 4872 mi't
1266 4821 1304 4883 ’sy
1356 4823 1460 4872 icardun
1481 4823 1543 4874 berh
1622 4837 1712 4873 comuu
1766 4840 1797 4874 on
1833 4826 1915 4876 sor'tu
1953 4827 2006 4876 ’hes
2024 4826 2117 4876 tolchae

186 4900 315 4985 panibus
345 4909 411 4964 erat
442 4900 524 4964 enim
577 4921 632 4964 eor
673 4920 780 4964 eorum
802 4901 1009 4966 obcaecatum.
1051 4900 1103 4965 53.
1125 4899 1166 4964 Et
1207 4922 1278 4964 cum
1324 4901 1573 4967 transfretassent
1594 4915 1746 4968 uenerunt
1767 4904 1798 4966 in
1821 4915 1935 4969 terram
1979 4904 2081 4970 Gene-
2136 4907 2178 4970 ‘20

185 5065 313 5113 genesaret
346 5051 362 5112 Ἰ
426 5061 481 5102 ato
499 5053 566 5116 plici
727 5050 823 5113 juin
841 5052 879 5116 'hy
913 5055 1019 5105 rannus
1055 5067 1138 5102 weron
1174 5055 1203 5101 ot
1234 5055 1303 5116 seips
1366 5066 1429 5110 aona
1546 5062 1656 5117 ongstnn
1741 5057 1798 5106 hius
1948 5054 1964 5115 Ἰ
2029 5057 2091 5106 ’terh

200 5131 303 5195 sareth
334 5141 365 5196 et
382 5132 606 5221 applicueruut
648 5131 699 5197 54.
727 5131 870 5218 Cumque
907 5133 1023 5217 egressi
1046 5142 1147 5198 essent
1168 5133 1207 5197 de
1233 5134 1304 5197 nani
1325 5133 1471 5199 cortinam
1493 5146 1707 5221 cognorerunt
1727 5157 1807 5200 eum.
1855 5136 1906 5199 55.
1929 5132 1970 5197 Et
1991 5156 2115 5220 percur-

194 5295 273 5331 amun
379 5283 412 5330 all
516 5286 575 5335 lond
593 5285 606 5334 l
621 5285 704 5336 ³carde
739 5287 775 5336 ’δι
794 5287 844 5335 ilcu
889 5298 1026 5348 ongnnnun
1071 5299 1102 5334 on
1153 5286 1240 5334 herum
1291 5285 1337 5334 hta
1372 5287 1456 5337 ’habe
1559 5289 1608 5350 ytel
1683 5291 1783 5338 haldan
1868 5288 1925 5349 ymb
1944 5287 2016 5336 baara
2071 5289 2117 5338 ’ter

186 5373 288 5428 rentes
310 5361 487 5428 uniuersam
527 5365 688 5451 regionem
750 5364 835 5428 illam
878 5373 1046 5451 coeperunt
1072 5365 1103 5427 in
1130 5364 1267 5450 grabatis
1289 5387 1341 5430 eos
1391 5367 1443 5452 qui
1486 5389 1520 5433 se
1546 5369 1627 5434 male
1653 5367 1809 5432 habebant
1840 5367 2037 5431 circumferre
2063 5369 2115 5432 ubi
2144 5357 2205 5432 22

1885 5464 1931 5527 6*
