4966 6294
1591 191 2028 287 castamserr-

1049 448 1099 461 ..
1148 405 1195 480 41
1224 411 1299 458 ·..

205 611 285 664 avibs
439 610 455 672 Ἰ
529 611 620 662 lnocda
674 609 753 660 cerat
787 615 813 660 ιο
831 611 884 660 hlm
919 609 990 658 hwst
1025 621 1086 658 arun
1105 621 1135 670 ga
1153 605 1271 668 onatyrsd
1305 601 1321 664 Ἰ
1375 602 1471 651 bremae
1524 601 1577 652 bat
1595 599 1705 662 magdon
1752 613 1783 648 ns
1842 600 1864 648 la
1935 598 1999 648 deod
2070 600 2100 648 ab

168 693 310 757 multum.
354 690 404 756 39.
428 689 470 756 Et
489 690 646 777 ingressus
695 689 738 753 ait
810 688 871 754 illis
917 687 993 774 quid
1065 684 1231 750 turbamini
1301 692 1331 748 et
1350 681 1501 768 ploratis?
1563 681 1667 768 puella
1737 687 1879 744 nonest
1903 687 2027 743 mortua
2051 677 2106 742 sed

189 827 279 892 clepet
424 822 442 884 Ἰ
496 825 619 886 lnblogun
671 825 729 874 bine
789 824 819 872 ha
854 823 946 872 hrebrs
980 823 1038 873 ml’t
1054 823 1178 872 tordrilnu
1237 820 1314 868 allum
1395 820 1481 879 glnorn
1525 816 1594 867 5oeno
1609 815 1684 866 tader
1717 813 1732 875 Ἰ
1786 817 1872 866 moder
1913 815 1967 864 ’διο
1984 815 2109 876 magdnoa

172 907 295 972 dormit.
338 905 389 970 40.
410 903 453 970 Ει
472 902 643 967 irridebant
664 925 744 968 eum.
772 903 840 991 ipse
858 923 934 966 uero
1018 901 1121 966 eiectis
1202 898 1346 964 omnibus
1372 895 1500 959 assumit
1540 904 1661 982 patrem
1707 903 1739 958 et
1758 903 1888 958 matrem
1949 892 2072 980 puellae

177 1039 194 1102 Ἰ
231 1041 315 1092 ’taba
348 1039 406 1090 mt’d
423 1040 477 1088 blm
511 1051 595 1088 aaran
643 1036 659 1099 Ἰ
729 1038 842 1088 inloerde
904 1036 958 1087 ’aar
992 1049 1048 1086 was
1084 1035 1138 1085 bat
1150 1035 1262 1096 magdon
1297 1033 1410 1095 licgsuda
1561 1027 1577 1090 Ἰ
1619 1031 1721 1094 gibeold
1772 1032 1857 1080 honde
1909 1031 1964 1082 'oss
1984 1033 2108 1094 megdnea

167 1131 199 1188 et
247 1120 300 1207 qui
361 1141 466 1185 secum
513 1126 602 1182 erant
636 1126 667 1180 et
696 1115 871 1202 ingreditur
902 1115 956 1180 ubi
986 1123 1052 1180 erat
1124 1112 1228 1200 puella
1300 1113 1411 1178 iacens.
1464 1113 1514 1175 41.
1547 1109 1590 1175 Et
1615 1121 1723 1177 tenens
1752 1133 1880 1176 manum
1949 1111 2072 1197 puellae

169 1256 248 1308 cumb
282 1262 308 1306 to
327 1257 367 1306 blr
403 1254 566 1305 ’etrtsabrlse
602 1251 671 1302 word
710 1250 763 1301 ’bet
815 1255 836 1300 la
871 1252 996 1314 gltrahtad
1005 1265 1038 1300 on
1046 1251 1135 1298 lesden
1174 1251 1297 1298 ladohter
1332 1248 1368 1299 ts
1403 1251 1498 1310 iosaegs
1538 1249 1587 1296 aris
1747 1244 1763 1307 Ἰ
1845 1261 1906 1297 sona
2009 1261 2063 1296 aras

190 1339 232 1402 ait
303 1335 350 1399 illi
419 1332 545 1398 Talitha
588 1331 670 1396 cumi
691 1330 776 1418 quod
800 1340 845 1395 est
885 1332 1118 1417 interpretatum
1179 1328 1284 1416 puella
1320 1328 1377 1392 tibi
1409 1327 1478 1391 dico
1511 1348 1613 1412 surge
1655 1329 1707 1392 42.
1727 1325 1770 1392 Et
1791 1326 1952 1392 confestim
1972 1327 2107 1391 surrexit

171 1473 224 1522 ’dat
240 1473 353 1534 magdon
387 1467 403 1526 Ἰ
441 1468 502 1518 eodo
523 1467 654 1530 gongende
672 1479 728 1516 area
762 1482 817 1517 wer
852 1467 951 1517 wutudl
1011 1469 1100 1516 wintra
1210 1468 1292 1515 tuelle
1376 1461 1391 1523 Ἰ
1473 1465 1608 1526 torstyltun
1675 1465 1803 1527 swlgungo
1842 1465 1942 1514 micelre
2080 1460 2096 1522 Ἰ

210 1549 316 1637 puella
383 1557 413 1612 et
488 1547 676 1612 ambulabat.
759 1555 826 1611 erat
852 1555 955 1610 autem
983 1567 1135 1609 annorum
1164 1544 1337 1609 duodecim.
1366 1553 1397 1608 et
1425 1543 1650 1630 obstupuerunt
1676 1552 1803 1632 stupore
1828 1566 1951 1632 magno.
1993 1545 2043 1609 43.
2066 1543 2107 1608 Et
2147 1545 2168 1608 5

204 1686 295 1736 bibaod
352 1684 420 1734 ’cern
512 1685 594 1734 nullia
671 1683 698 1760 ᾗ
742 1683 825 1744 naenig
841 1697 901 1731 mon
994 1683 1063 1732 triete
1115 1679 1131 1741 Ἰ
1169 1682 1247 1733 ereb
1282 1682 1356 1732 sellas
1391 1682 1429 1729 hlr
1532 1686 1588 1729 eata

170 1764 326 1854 praecepit
351 1763 412 1827 illis
444 1764 646 1829 uehementer
675 1775 708 1828 ut
770 1783 862 1827 nemo
925 1761 957 1826 id
984 1763 1077 1826 sciret
1108 1772 1138 1826 et
1167 1761 1246 1827 dixit
1279 1761 1347 1826 dari
1383 1759 1429 1825 illi
1457 1759 1652 1824 manducare.

546 1899 563 1960 Ἰ
629 1901 713 1950 teerde
766 1899 836 1950 'tona
871 1900 931 1950 eada
967 1901 994 1948 ln
1048 1898 1125 1949 osbel
1190 1898 1230 1947 bis
1286 1895 1303 1958 Ἰ
1374 1897 1489 1959 fyllgdun
1559 1898 1610 1946 blm
1664 1894 1760 1958 ’leguas
1817 1897 1857 1944 hta
1959 1895 1974 1955 Ἰ
2012 1897 2110 1959 glwarb

295 1977 372 2067 Cap.
394 1979 451 2043 VI.
481 1982 509 2044 1.
533 1977 576 2044 Et
595 1999 737 2064 egressus
764 1978 837 2043 inde
863 1979 938 2044 abiit
952 1979 990 2042 in
1013 1977 1143 2065 patriam
1164 1999 1253 2040 suam
1273 1984 1303 2040 et
1323 1977 1531 2062 sequebantur
1551 1995 1622 2042 eum
1642 1974 1783 2062 discipuli
1805 1976 1860 2039 sui.
1896 1977 1925 2040 2.
1948 1976 1990 2040 Et
2019 1977 2101 2042 lacto

170 2115 291 2178 haligdag
332 2129 413 2178 ongan
447 2119 474 2168 tn
501 2116 789 2180 somnnngatinapreeo
837 2117 895 2166 laera
943 2114 959 2177 Ἰ
996 2117 1095 2176 monige
1130 2113 1253 2174 giberdun
1286 2114 1544 2176 glwundrsdewerun
1569 2115 1596 2163 ln
1651 2115 1732 2162 larum
1783 2113 1822 2162 hb
1857 2112 1993 2162 evadende
2023 2114 2111 2163 hwona

171 2196 300 2260 sabbato
322 2195 423 2282 coepit
442 2195 475 2260 in
558 2217 723 2282 synagoga
806 2195 918 2260 docere
939 2203 970 2258 et
1000 2193 1088 2258 multi
1117 2193 1275 2258 audientes
1306 2193 1538 2258 admirabantur
1567 2193 1600 2256 in
1620 2192 1761 2258 doen-ina
1776 2192 1841 2257 eius
1861 2192 1996 2257 dicentes
2018 2194 2102 2259 unde

173 2331 325 2382 {nielson
355 2332 404 2382 alle
438 2331 614 2394 tursanyuu
647 2333 661 2380 l
689 2333 767 2382 hwelo
791 2331 824 2390 [is
888 2337 976 2393 mytra
1036 2329 1094 2391 tto]
1120 2331 1202 2392 giaald
1227 2344 1284 2380 waes
1310 2331 1363 2378 him
1388 2326 1404 2389 Ἰ
1458 2330 1546 2378 mahte
1581 2329 1677 2380 beilou
1713 2329 1784 2380 ’sate
1819 2329 1884 2380 ’terh
1925 2328 2010 2377 honda
2053 2331 2091 2378 bis

215 2410 287 2476 huic
338 2410 416 2476 baec
466 2411 594 2476 omnia?
635 2420 667 2476 et
687 2432 766 2496 quae
787 2420 833 2475 est
852 2410 1002 2497 sapientia
1023 2429 1103 2496 quae
1124 2409 1197 2474 data
1234 2419 1281 2474 est
1310 2409 1355 2472 illi
1378 2417 1409 2473 et
1437 2409 1564 2474 uirtutes
1592 2409 1669 2472 tales
1712 2429 1792 2494 quae
1829 2429 1886 2494 per
1913 2429 2023 2472 manus
2045 2411 2109 2472 eius

173 2547 375 2608 gidoenblobon
496 2547 526 2596 ab
543 2561 574 2596 na
614 2547 658 2598 'ola
692 2548 714 2596 ts
748 2547 845 2596 smi’toa
880 2559 945 2596 sunu
980 2543 1099 2606 {lunia
1135 2543 1229 2595 brober
1262 2546 1361 2596 lacobes
1400 2544 1417 2605 Ἰ
1469 2540 1541 2609 iosap
1591 2542 1607 2605 Ἰ
1650 2545 1723 2594 iudas
1765 2542 1781 2605 Ἰ
1847 2545 1951 2594 elmonls
2013 2544 2043 2593 ab
2061 2559 2093 2594 ne

173 2625 371 2691 efficiuntur?
419 2628 449 2691 3.
471 2625 585 2691 Nonne
607 2627 659 2690 bic
680 2636 727 2691 est
752 2626 841 2690 faber
872 2625 953 2690 filius
981 2623 1099 2690 Mariae
1132 2623 1229 2688 frater
1258 2624 1366 2690 Iaccbi
1389 2633 1421 2688 et
1440 2623 1557 2712 Ioseph
1582 2633 1614 2690 et
1634 2624 1731 2690 ludae
1759 2633 1790 2688 et
1816 2622 1978 2690 Simonis?
2005 2646 2110 2689 nonne
2133 2627 2172 2690 10

241 2768 343 2812 aventer
481 2763 523 2812 bor
572 2763 629 2812 usib
643 2761 700 2812 rni'6
742 2762 836 2812 studun
879 2757 895 2820 Ἰ
933 2761 1090 2823 onspyrnado
1107 2775 1191 2810 werun
1236 2763 1262 2808 ln
1298 2762 1350 2810 him
1467 2758 1485 2820 Ἰ
1530 2760 1610 2810 crab
1658 2766 1685 2809 to
1702 2761 1754 2809 him
1795 2759 1831 2809 lla
1848 2761 1898 2809 hcl
1932 2759 2025 2810 tortor
2060 2775 2092 2812 ne

174 2853 204 2905 et
233 2861 357 2906 sorores
385 2841 451 2905 eius
471 2840 523 2906 hie
555 2842 716 2906 nobiscum
743 2839 839 2905 sunt?
874 2850 904 2904 et
929 2839 1218 2903 scandalizabantur
1238 2841 1270 2902 in
1292 2839 1355 2902 illo.
1403 2842 1433 2904 4.
1454 2840 1495 2904 Et
1516 2840 1637 2904 dicebat
1678 2840 1738 2902 illis
1799 2839 1887 2905 Iesus
1940 2843 2013 2927 quia
2047 2865 2110 2908 non

186 2977 208 3025 is
286 2977 363 3038 witga
415 2977 477 3025 buta
512 2975 654 3035 worbnuge
688 2978 750 3025 buta
785 2989 815 3024 on
852 2975 928 3025 ostro
967 2975 1006 3023 bla
1040 2971 1057 3034 Ἰ
1094 2990 1127 3025 on
1162 2975 1252 3042 rybbe
1287 2976 1325 3024 bis
1359 2973 1375 3036 Ἰ
1413 2978 1439 3025 ln
1532 2977 1594 3024 huso
1691 2976 1730 3024 hia
1856 2973 1874 3036 Ἰ
1923 2992 1955 3026 ne
2016 2979 2105 3027 mahts
2135 3000 2136 3003 ¹

175 3064 222 3118 est
241 3053 394 3141 propheta
413 3055 480 3118 sine
520 3053 642 3118 honore
690 3055 748 3117 nisi
784 3055 817 3117 in
839 3053 936 3139 patria
956 3075 1011 3118 sua
1032 3066 1063 3120 et
1090 3057 1121 3118 in
1157 3057 1251 3122 domo
1273 3066 1381 3121 suaet
1407 3057 1439 3119 in
1469 3056 1653 3142 cognatione
1680 3078 1745 3119 sua.
1793 3057 1823 3121 5.
1845 3055 1887 3120 Et
1907 3079 1971 3122 non
1991 3067 2111 3145 poterat

175 3191 223 3241 'der
257 3193 322 3253 antg
527 3193 651 3253 glwyreen
678 3192 738 3239 buta
777 3191 849 3240 baron
890 3191 1031 3252 untrymlge
1065 3192 1123 3243 mill
1141 3200 1274 3244 onsatnum
1324 3193 1409 3243 nonna
1460 3193 1726 3254 gengendelgihalde
1845 3190 1861 3253 Ἰ
1898 3195 2045 3256 gtwrrndrad
2056 3210 2112 3246 was

174 3269 217 3334 ibi
239 3269 335 3334 ullam
356 3271 501 3336 uirtutem
531 3269 635 3334 facere
676 3269 735 3332 nisi
756 3291 871 3357 paucos
892 3269 1031 3336 infirmos
1086 3273 1235 3360 impositis
1299 3275 1441 3339 manibus
1535 3272 1662 3337 curauit.
1780 3273 1809 3336 6.
1832 3272 1873 3336 Et
1921 3275 2092 3340 mirabatur

208 3409 261 3459 lore
347 3408 563 3470 nngueonutnina
634 3409 709 3457 heora
756 3405 772 3469 Ἰ
827 3407 948 3468 ymbaoda
985 3407 1022 3458 ’6ο
1038 3415 1122 3470 portas
1157 3413 1219 3457 utau
1291 3410 1349 3471 ymb
1419 3408 1519 3470 eilardo
1638 3404 1747 3467 Ἰοίοο
1764 3410 1866 3471 giesgde
1937 3412 2018 3460 turolte
2085 3410 2101 3473 Ἰ

173 3496 301 3574 propter
330 3488 576 3555 incredulitatem
608 3509 716 3554 eorum
747 3499 778 3552 et
810 3488 958 3553 circuibat
995 3486 1120 3553 castella
1170 3488 1203 3551 in
1245 3488 1373 3552 circuitu
1405 3487 1529 3553 docens.
1573 3488 1602 3550 7.
1623 3485 1664 3551 Et
1720 3487 1843 3552 uocauit
1892 3489 2055 3554 duodecim
2078 3503 2107 3556 et

189 3637 269 3685 nagan
303 3626 351 3674 blo
400 3627 478 3676 nenda
516 3634 612 3687 twoege
642 3624 658 3687 Ἰ
692 3625 787 3688 gisalda
821 3625 874 3674 blm
947 3624 1035 3674 mahte
1145 3630 1215 3685 gaeta
1335 3627 1460 3674 nnolsnra
1626 3621 1642 3682 Ἰ
1706 3623 1798 3674 bibood
1857 3625 1910 3674 him
1939 3627 1993 3677 'tet
2018 3631 2111 3678 nenilrt

176 3703 278 3788 coepit
297 3724 351 3767 eos
370 3705 491 3770 mittere
513 3707 601 3770 binos
631 3716 662 3770 et
689 3705 782 3770 dabat
813 3705 874 3768 illis
892 3713 1075 3792 potestatem
1094 3704 1257 3792 spirituum
1279 3703 1520 3769 immundorum.
1564 3705 1598 3798 8.
1615 3702 1657 3768 Et
1676 3704 1832 3792 praecepit
1859 3706 1902 3770 eis
1948 3728 1988 3772 ne
2025 3709 2099 3794 quid
2131 3711 2171 3775 le

175 3857 223 3904 hire
240 3856 347 3918 gilcdds
383 3869 416 3904 on
451 3868 521 3917 weeg
554 3858 631 3906 butan
682 3857 756 3917 garde
848 3871 895 3906 ana
971 3871 1001 3906 ne
1036 3857 1120 3921 pobha
1137 3857 1149 3906 l
1166 3873 1229 3920 poss
1262 3873 1295 3908 ns
1372 3859 1426 3906 hlat
1518 3871 1550 3908 na
1611 3871 1643 3906 on
1678 3857 1791 3919 gyrdelse
1825 3859 1926 3908 maalon
2063 3863 2093 3910 ah

185 3934 331 4000 tollerent
375 3936 407 3998 in
456 3936 509 4000 uia
557 3934 616 3998 nisi
654 3935 778 4022 uirgam
806 3945 924 3998 tanturn
953 3958 1017 4000 non
1080 3957 1186 4022 peram
1248 3959 1312 4002 non
1341 3959 1454 4025 panem
1484 3959 1585 4025 neque
1612 3937 1644 4000 in
1686 3959 1766 4000 zona
1849 3960 1909 4004 aes.
1993 3940 2022 4004 9.
2046 3939 2110 4007 Sed

199 4088 300 4150 glscoed
331 4049 409 4138 'mill
428 4087 566 4150 evargum
600 4085 616 4148 Ἰ
654 4103 685 4139 na
718 4087 858 4152 gigeorweul
875 4101 939 4138 wera
973 4089 1030 4140 mi’o
1047 4096 1126 4139 trram
1161 4090 1276 4140 tunicum
1416 4089 1432 4150 Ἰ
1479 4091 1585 4153 perat
1619 4096 1645 4140 to
1663 4090 1715 4139 blm
1749 4104 1799 4140 swa
1816 4092 1911 4140 hwider
1927 4105 1977 4140 swa
2053 4107 2083 4155 go

176 4168 327 4232 calceatos
389 4168 537 4234 sandaliis
600 4179 631 4234 et
650 4189 691 4235 ne
732 4169 934 4234 induerentur
995 4169 1115 4235 duabus
1162 4171 1282 4235 tunicis.
1333 4171 1381 4236 10.
1402 4170 1444 4236 Et
1472 4171 1593 4236 dicebat
1644 4170 1687 4236 eis
1770 4193 1966 4258 quocumque
2017 4172 2111 4237 intro·

196 4337 254 4384 gaas
294 4324 321 4370 in
391 4323 439 4372 bus
503 4323 552 4374 ’ber
592 4322 688 4374 wuna’d
722 4321 777 4372 wib
795 4322 808 4371 1
828 4321 881 4372 'det
921 4335 950 4382 ge
968 4333 1004 4383 ῃ
1040 4321 1111 4372 bona
1248 4319 1264 4382 Ἰ
1302 4337 1352 4373 swa
1368 4323 1445 4372 burele
1462 4337 1512 4372 stra
1545 4336 1578 4371 ne
1650 4321 1747 4372 onloa’b
1807 4323 1856 4372 lov
1896 4338 1928 4374 ne
1989 4325 2085 4387 gibero·

174 4402 269 4467 ieritis
290 4403 323 4464 in
345 4403 472 4466 domum
492 4401 557 4466 illic
577 4411 701 4466 manete
750 4400 849 4466 donee
901 4401 1016 4465 exeatis
1035 4401 1116 4466 inde.
1161 4404 1209 4465 11.
1231 4401 1274 4466 Ει
1313 4401 1499 4487 quicumque
1526 4423 1590 4466 non
1611 4401 1783 4488 receperint
1803 4424 1859 4466 uos
1882 4423 1940 4468 nec
1959 4404 2112 4470 audierint

175 4557 224 4604 low
258 4554 315 4605 mit
335 4553 372 4617 ’dy
389 4568 462 4616 gasat
498 4553 568 4604 bona
603 4567 690 4604 macas
707 4555 720 4602 t
736 4552 825 4616 drygas
860 4553 897 4604 ’6⁸
917 4569 973 4604 asca
989 4553 1001 4602 l
1019 4553 1072 4604 ’det
1090 4555 1149 4604 duat
1183 4555 1212 4602 ol
1273 4557 1353 4604 totum
1411 4555 1516 4604 iovuum
1554 4555 1581 4604 ln
1667 4555 1787 4618 eybnlase
1875 4557 1929 4604 him
2086 4555 2102 4618 Ἰ

176 4657 231 4698 uos
285 4642 433 4698 excuntes
497 4633 570 4698 inde
643 4633 778 4698 excutite
929 4631 1092 4720 puluerem
1181 4631 1221 4698 de
1252 4633 1381 4720 pedibus
1413 4633 1522 4698 uestris
1553 4634 1585 4698 in
1617 4633 1826 4700 testimonium
1864 4633 1934 4700 illis.
1993 4638 2041 4701 12.
2070 4635 2111 4700 Et

175 4787 232 4838 mi't
248 4787 286 4849 ty
303 4787 414 4852 gioodun
447 4793 474 4835 to
491 4787 543 4835 him
557 4786 715 4836 torbodndun
748 4783 801 4862 'pte
878 4787 1004 4836 breonisse
1098 4787 1183 4836 dodun
1347 4784 1363 4847 Ἰ
1432 4787 1535 4837 dlorrlaa
1588 4788 1688 4850 menige
1738 4789 1860 4838 lordrltsn
1910 4785 1927 4847 Ἰ
1969 4788 2095 4838 smircdun

226 4875 374 4930 exeuntes
477 4865 699 4952 praedicabant
761 4877 795 4931 ut
832 4865 1049 4951 poenitentiam
1078 4875 1215 4952 agerent
1261 4866 1309 4928 13.
1332 4863 1374 4930 Et
1399 4866 1563 4931 daemonia
1590 4868 1688 4932 multa
1715 4868 1878 4934 eiiciebant
1900 4879 1932 4934 et
1951 4868 2111 4954 ungebant
2131 4869 2172 4933 20

175 5016 232 5065 mi't
245 5019 298 5067 cele
332 5020 430 5079 menige
466 5017 607 5080 untrymlga
640 5014 657 5077 Ἰ
704 5017 809 5080 glbelde
975 5016 991 5079 Ἰ
1036 5019 1137 5080 giberds
1188 5020 1292 5069 herodes
1327 5020 1419 5082 oynlng
1470 5032 1591 5081 eowunga
1640 5019 1735 5070 torbon
1768 5023 1895 5084 glworden
1927 5034 1983 5069 var
2024 5031 2099 5068 noma

202 5097 271 5161 oleo
320 5097 433 5163 multos
482 5119 594 5184 aegros
637 5108 668 5162 et
687 5099 845 5163 sanabant.
889 5100 939 5163 14.
959 5097 1002 5163 Et
1025 5099 1143 5163 audiuit
1163 5098 1306 5164 Herodes
1344 5120 1399 5162 rex
1431 5100 1626 5164 manifestum
1645 5101 1726 5164 enim
1779 5102 1893 5164 factum
1931 5111 1977 5163 est
1997 5119 2110 5164 nomen

191 5250 231 5297 bis
264 5245 281 5307 Ἰ
331 5249 410 5298 esst
453 5249 546 5300 sarton
613 5252 656 5300 toll
718 5251 908 5302 taratantara
959 5252 995 5300 ott
1012 5265 1066 5301 aran
1118 5254 1180 5302 from
1233 5251 1313 5302 deado
1365 5248 1381 5310 Ἰ
1446 5249 1539 5301 lorbon
1593 5251 1828 5316 blanpwoenaatnt
1861 5251 1949 5302 mahta
1996 5255 2022 5301 in
2058 5252 2108 5300 blm

176 5329 240 5393 eius
259 5336 290 5391 et
311 5326 432 5392 dicebat
463 5329 536 5415 quia
565 5329 700 5395 Ioannes
753 5330 884 5417 baptista
925 5330 1095 5396 resurrexit
1142 5353 1161 5394 a
1208 5331 1338 5396 mortuis
1359 5340 1390 5394 et
1409 5339 1574 5417 propterea
1627 5341 1794 5419 operantur
1842 5332 1970 5397 uirtutes
1992 5333 2026 5396 in
2045 5331 2110 5396 illo.
2124 5326 2188 5396 22

1900 5431 1919 5494 6
