4966 6294
1604 267 1759 360 dotet.
1783 269 2085 368 levisset.

1039 465 1289 542 ..33-

166 665 292 726 toronae
327 667 363 714 tro
398 667 450 714 hin
580 663 596 724 Ἰ
633 664 784 716 πωιᾱτοοᾱο
820 679 909 716 wama
961 665 1009 714 alie
1062 669 1110 739 pus
1144 664 1196 741 *pte
1230 667 1271 714 hta
1288 667 1395 726 hennon
1411 667 1423 715 1
1441 665 1549 716 meadun
1583 667 1690 716 betwiha
1725 668 1797 716 heom
1842 665 1974 738 suspende
2016 665 2087 714 bnt

198 745 274 813 exiit
323 745 363 809 ab
405 765 452 810 eo.
494 745 544 808 27.
566 743 608 808 Ει
657 743 759 808 mirati
828 754 900 810 sunt
932 766 1039 810 omnes
1068 745 1110 808 ita
1151 755 1185 809 ut
1283 745 1500 831 conquirerent
1595 745 1676 810 inter
1742 767 1776 812 se
1833 744 1968 810 dieentes
2009 741 2097 830 quid·

193 881 220 958 ᾗ
272 882 295 932 is
359 883 398 953 pls
473 881 545 929 hwile
654 882 691 928 iar
760 881 895 954 bloslbas
929 885 1010 930 ntowa
1027 881 1050 930 is
1083 883 1172 956 tesbon
1206 882 1234 930 in
1286 881 1373 930 mahts
1472 876 1488 939 1
1583 887 1682 943 gastum
1743 883 1883 932 nnolmnm
1945 881 2021 953 hatab
2070 875 2087 938 Ἰ

167 983 241 1026 nam
262 972 307 1026 est
327 959 412 1025 hoe?
433 981 585 1046 quaenam
606 959 745 1025 doctrina
797 959 875 1024 haee
933 958 1038 1024 noua?
1090 959 1163 1046 quia
1203 959 1236 1022 in
1256 967 1405 1045 potestate
1437 959 1529 1024 etiam
1555 959 1710 1046 spiritibus
1729 959 1894 1024 immundis
1914 960 2045 1046 imperat
2064 968 2095 1023 et

187 1095 314 1148 adnotat
348 1096 400 1144 him
529 1093 545 1156 Ἰ
583 1109 673 1158 spring
690 1097 702 1143 t
717 1094 801 1144 loerde
834 1107 953 1156 meinung
968 1095 981 1142 1
996 1095 1085 1145 morbo
1126 1095 1166 1143 bls
1200 1108 1262 1144 sona
1279 1095 1291 1142 1
1307 1095 1506 1168 instydetrnPe
1541 1095 1570 1144 in
1610 1097 1701 1145 sellum
1757 1093 1793 1168 ps
1809 1095 1884 1144 londo
1962 1095 2062 1156 galilee

170 1176 318 1242 obediunt
357 1175 394 1240 ei
437 1174 488 1238 28.
510 1171 552 1237 Et
614 1173 764 1258 processit
895 1195 1003 1238 rumor
1109 1175 1174 1238 eius
1311 1174 1415 1240 statim
1544 1174 1576 1238 in
1598 1195 1722 1240 omnem
1742 1173 1903 1260 regionem
1925 1171 2093 1238 Galilaeae.

258 1309 274 1372 1
343 1323 430 1359 renone
544 1307 629 1358 toerde
715 1308 744 1357 oi
790 1321 928 1370 somnunga
1002 1321 1093 1358 comen
1161 1313 1187 1359 in
1262 1310 1309 1358 bns
1368 1308 1435 1385 *pis
1452 1317 1537 1374 petrns
1580 1307 1596 1369 1
1660 1306 1764 1358 mdra'ss
1823 1307 1882 1358 mlb
1938 1309 2008 1357 iaoob
2070 1305 2087 1368 Ἰ

130 1379 137 1398 ”
168 1391 218 1456 29.
238 1389 280 1454 Et
309 1389 450 1478 protinus
481 1385 675 1473 egredientes
707 1387 747 1452 de
776 1409 943 1474 synagoga
973 1398 1126 1454 uenerunt
1159 1388 1191 1451 in
1220 1387 1347 1452 domum
1394 1387 1531 1454 Simonis
1578 1396 1609 1452 et
1638 1388 1787 1452 Andreae
1817 1408 1886 1450 oum
1918 1385 2034 1451 Iacobo
2066 1397 2097 1451 et

168 1527 288 1576 lohannes
434 1521 533 1583 salegon
552 1537 607 1572 nes
656 1523 791 1573 wntndltoe
834 1537 931 1587 swam
974 1523 1040 1602 'pta
1058 1531 1143 1587 petrns
1179 1525 1238 1572 ieter
1256 1523 1369 1572 driienda
1403 1521 1419 1584 1
1470 1527 1533 1596 rape
1576 1524 1680 1574 ewodun
1713 1529 1740 1573 to
1761 1524 1812 1572 him
1847 1524 1875 1572 or
1908 1517 1972 1596 bdt
1991 1523 2019 1572 οι
2035 1525 2098 1596 bare

168 1605 295 1670 Ioanne.
338 1603 388 1666 30.
411 1599 626 1666 Deoumbebat
668 1613 771 1666 autem
823 1624 930 1668 eoerns
989 1601 1125 1671 Simonis
1177 1602 1354 1667 febricitans
1390 1611 1421 1666 et
1441 1603 1543 1666 statim
1571 1601 1676 1668 dieunt
1746 1601 1774 1666 ei
1836 1601 1875 1665 de
1971 1601 2033 1664 illa.
2137 1602 2158 1665 5

254 1736 271 1799 Ἰ
299 1751 353 1788 eom
361 1737 524 1800 ganeolasede
571 1739 632 1787 ahot
681 1737 774 1788 'balles
800 1736 889 1799 {imit
902 1742 935 1812 by
948 1739 1132 1801 gegripenwas
1166 1738 1234 1788 hond
1276 1738 1316 1786 his
1349 1735 1365 1797 1
1416 1739 1531 1788 rtoenltee
1582 1739 1656 1788 feriet
1695 1738 1736 1788 hio
1764 1739 1805 1787 hel
1813 1736 2102 1799 heridesobtetgadrlt

169 1817 218 1884 31.
236 1815 278 1880 Et
327 1813 476 1880 accedens
528 1814 661 1880 eleuauit
695 1839 762 1882 eam
871 1818 1064 1906 apprehensa
1146 1816 1325 1882 mannaim
1347 1817 1748 1883 etoontinuodimisiteam
1872 1816 1966 1881 febris

179 1949 195 2012 1
240 1950 388 2024 gopngnede
422 1951 495 2000 heom
648 1955 710 2002 aton
761 1954 889 2004 vitadlioe
929 1957 963 2028 pa
978 1953 1080 2016 gesara
1121 1953 1214 2027 mlbpy
1247 1953 1407 2004 toseteeode
1442 1967 1521 2004 sunna
1555 1955 1807 2017 getoerdunbrohtnn
1841 1963 1867 2004 to
1908 1956 1961 2004 him
2000 1955 2048 2004 elle
2065 1957 2099 2028 pa

170 2039 200 2094 et
220 2027 411 2094 ministrabat
432 2029 483 2093 eis.
532 2029 581 2094 32.
605 2029 744 2120 Uespere
772 2041 876 2098 autem
966 2033 1046 2096 fanto
1128 2054 1199 2096 eum
1247 2031 1407 2097 occidisset
1461 2032 1509 2098 sol
1599 2031 1769 2098 afferebant
1836 2031 1877 2096 ad
1897 2054 1969 2097 eum
1991 2054 2098 2098 omnes

187 2166 237 2230 ysso
280 2164 413 2214 habbanne
447 2163 464 2226 t
536 2167 620 2215 deomi
666 2169 848 2226 hebandetste)
950 2165 966 2228 1
1006 2181 1063 2216 vas
1114 2168 1163 2217 alla
1206 2169 1397 2230 aethelburg
1447 2168 1583 2230 gesommd
1634 2175 1660 2217 to
1688 2168 1747 2217 dore
1760 2168 1837 2228 lgent
1937 2166 1953 2227 :t
1990 2168 2093 2218 leonida

169 2244 249 2310 male
270 2243 417 2310 habentes
438 2252 468 2305 et
489 2243 652 2308 daemonis
671 2245 829 2311 habentes.
872 2249 922 2311 33.
937 2245 979 2311 Et
1000 2254 1067 2310 erat
1087 2247 1187 2310 omnis
1249 2247 1355 2311 ciuitas
1419 2259 1608 2334 congregata
1629 2247 1669 2312 ad
1700 2247 1831 2310 ianuam.
1859 2245 1909 2310 34.
1924 2244 1966 2309 Et
1980 2247 2099 2311 curauit

178 2383 276 2443 menige
310 2382 344 2452 ps
361 2382 392 2453 pe
427 2385 661 2441 werangeswanete
696 2381 865 2432 missenlienm
950 2382 1036 2430 adium
1123 2379 1139 2440 Ἰ
1203 2383 1297 2431 daenes
1356 2384 1455 2444 menige
1489 2385 1519 2432 he
1535 2374 1604 2433 idrat
1620 2384 1632 2432 1
1648 2379 1775 2442 ehtde]
1829 2395 1861 2431 ne
1947 2383 1983 2431 let
2049 2382 2102 2432 hhn

168 2458 281 2524 multos
323 2459 375 2544 qui
449 2457 643 2523 uexabantur
737 2462 830 2526 uariis
893 2457 1095 2548 languoribus
1116 2469 1147 2525 et
1167 2460 1329 2526 daemonia
1355 2461 1454 2526 multa
1537 2460 1677 2528 eiiciebat
1748 2471 1779 2528 et
1808 2482 1873 2525 non
1905 2461 2026 2524 sinebat
2055 2482 2093 2526 ea

168 2643 272 2696 spreoan
328 2633 419 2705 torbon
470 2629 501 2677 be
519 2629 607 2679 wistan
642 2631 700 2682 hine
837 2629 854 2694 1
891 2645 925 2684 on
942 2634 1030 2695 atingo
1064 2633 1145 2683 oniba
1210 2647 1265 2683 aras
1318 2630 1572 2693 ttosrdetmrenda
1606 2634 1667 2682 ande
1701 2636 1728 2684 tn
1780 2633 1880 2696 westiga
1923 2578 2100 2692 unseleins

178 2710 264 2796 loqui
306 2710 453 2796 quoniam
473 2707 610 2774 sciebant
631 2732 712 2778 eum.
754 2713 805 2778 35.
826 2710 869 2776 Et
893 2711 1029 2780 diluculo
1060 2711 1152 2777 ualde
1172 2733 1303 2798 surgens
1386 2733 1528 2798 egressus
1600 2713 1674 2778 abiit
1691 2712 1724 2776 in
1745 2711 1901 2778 desertum
1961 2711 2066 2776 loeum
2122 2711 2162 2774 10

184 2845 269 2908 {lber
310 2847 395 2908 cabad
538 2845 555 2908 t
617 2847 734 2910 tylgsnds
785 2861 840 2898 nea
874 2847 926 2898 him
977 2850 1059 2898 simon
1098 2847 1114 2908 Ὶ
1152 2848 1220 2922 babo
1255 2848 1312 2898 mi’b
1345 2847 1399 2895 him
1432 2861 1522 2896 vernn
1648 2845 1664 2908 1
1705 2847 1797 2920 mtbpy
1849 2845 1982 2896 onihndnn
2035 2846 2094 2896 hine

168 2925 273 3011 ibique
295 2927 413 2992 orabat.
455 2925 505 2990 36.
524 2923 567 2989 Et
584 2934 763 3012 prosecutus
792 2934 838 2990 est
866 2947 937 2991 eum
958 2925 1068 2994 Simon
1090 2937 1121 2992 et
1160 2928 1213 3013 qni
1248 2949 1318 2991 oum
1345 2926 1400 2992 illo
1427 2935 1524 2992 erant
1559 2926 1609 2990 37.
1631 2925 1672 2990 Et
1711 2947 1781 2992 oum
1822 2924 2010 2990 inuenissent
2030 2946 2101 3003 eum

186 3059 296 3110 evadne
330 3065 356 3110 to
374 3061 426 3110 him
460 3049 527 3135 ibon
579 3061 627 3110 alls
713 3065 802 3135 soson}
851 3060 887 3112 'bs
1019 3060 1035 3123 1
1072 3066 1146 3136 saep
1180 3070 1207 3113 ιο
1225 3064 1298 3112 heom
1315 3077 1342 3112 se
1359 3063 1407 3111 bai
1440 3063 1472 3124 gs
1490 3077 1525 3110 wo
1542 3064 1554 3111 1
1570 3067 1640 3112 ventu
1659 3077 1754 3126 gangen
1789 3063 1815 3112 in
1851 3066 1883 3136 pa
1901 3063 1989 3112 nabebo
2033 3062 2095 3112 lond

169 3137 314 3204 dixerunt
363 3139 392 3204 ei
455 3141 528 3224 quia
549 3161 655 3204 omnes
677 3150 829 3226 quaerunt
847 3149 886 3208 te
929 3141 980 3206 38.
1001 3141 1043 3208 Et
1084 3143 1127 3207 ait
1260 3141 1321 3206 illis
1540 3163 1644 3207 eamus
1784 3143 1816 3206 in
1837 3141 1995 3228 proximos
2016 3140 2101 3206 nioos

177 3272 193 3336 1
237 3273 274 3325 'bs
291 3279 373 3326 sesne
414 3271 466 3349 15²⁰
499 3273 564 3334 leo
599 3274 652 3324 'dar
707 3275 730 3324 io
747 3276 838 3338 bodige
889 3273 953 3338 lto
987 3277 1059 3328 bisso
1092 3278 1182 3350 torbon
1216 3279 1307 3326 teeom
1415 3275 1431 3338 1
1468 3291 1522 3326 was
1582 3277 1697 3328 bodande
1749 3278 1777 3326 tn
1812 3289 1978 3338 somnnngum
2021 3277 2095 3326 heora

169 3363 200 3418 et
237 3352 375 3418 ciuitates
423 3362 458 3418 nt
515 3362 545 3420 et
601 3353 644 3419 ibi
678 3355 856 3441 praedicem
896 3357 935 3421 ad
987 3357 1049 3422 hoe
1090 3357 1174 3420 enim
1216 3355 1297 3420 ueni.
1328 3355 1378 3419 39.
1393 3353 1435 3420 Et
1455 3363 1521 3420 erat
1540 3353 1721 3441 praedicans
1743 3355 1775 3420 in
1808 3355 1978 3440 synagogis
1993 3376 2101 3420 eorum

177 3486 193 3549 1
293 3491 341 3540 alle
418 3491 493 3554 gelih
552 3487 568 3549 1
636 3491 732 3541 debiles
783 3482 981 3557 iordraitivarp
1075 3490 1092 3553 J
1134 3507 1190 3543 eom
1232 3497 1259 3541 ιο
1293 3493 1347 3542 him
1380 3493 1532 3564 lioprowens
1558 3487 1807 3552 hedibidendehte)
1834 3490 1886 3538 him
1920 3487 1937 3550 Ἰ
1973 3490 2026 3540 mid
2038 3503 2103 3542 aneu

170 3577 201 3632 et
220 3567 252 3632 in
275 3569 360 3632 omni
382 3568 524 3635 Galilaea
545 3577 576 3634 et
597 3567 760 3637 daemonia
801 3571 933 3638 eiiciens.
997 3571 1048 3638 40.
1063 3570 1105 3636 Et
1122 3571 1207 3636 uenit
1225 3571 1266 3636 ad
1287 3591 1359 3636 enm
1386 3569 1527 3656 leprosus
1600 3568 1768 3657 depreeens
1824 3589 1896 3632 enm
1916 3577 1947 3633 et
1988 3591 2073 3654 genu

170 3701 280 3764 btttndt
296 3702 308 3751 l
324 3703 428 3764 bttlntt
463 3707 536 3778 ewa}
605 3706 645 3766 gh
677 3709 713 3780 bu
733 3707 786 3756 wilt
824 3710 861 3782 pn
878 3709 940 3760 mab
974 3723 1014 3760 me
1049 3709 1187 3772 gaclsndgs
1317 3721 1343 3756 sa
1360 3705 1456 3756 haiond
1488 3705 1616 3758 nttndlioe
1651 3707 1684 3778 ba
1701 3720 1755 3755 aes
1772 3704 1905 3756 mutuenda
1947 3705 2000 3753 him
2051 3719 2095 3766 go-

261 3780 345 3846 flexo
459 3782 538 3846 dixit
558 3784 587 3847 ei
613 3785 640 3848 si
710 3785 757 3848 uis
838 3795 925 3872 potes
967 3809 1018 3854 me
1038 3788 1199 3852 mundare.
1241 3787 1292 3850 41.
1340 3785 1428 3852 Iesus
1499 3796 1602 3852 autem
1705 3786 1847 3850 misextus
1943 3784 2007 3850 eius
2049 3786 2163 3850 esi-15

187 3916 255 3966 mhte
306 3917 391 3966 honde
458 3919 498 3968 his
550 3917 566 3978 Ἰ
634 3920 696 3968 bran
755 3919 808 3969 him
842 3925 916 3995 own}
949 3928 976 3972 ιο
994 3923 1047 3971 him
1081 3923 1105 3970 1ο
1121 3923 1187 3971 willo
1230 3922 1360 3983 gestantis
1505 3918 1521 3981 Ἰ
1557 3921 1615 3972 mtb
1632 3924 1667 3996 by
1718 3923 1792 3994 anab
1850 3921 1932 3993 brebe
1993 3917 2077 3967 roardo

169 3995 266 4060 tendit
286 4017 413 4060 manum
435 4019 522 4061 suam
544 4003 575 4063 et
593 4007 724 4084 tangens
746 4019 818 4064 eum
856 4001 899 4064 ait
975 4001 1021 4064 illi
1101 4000 1175 4066 nolo
1216 4000 1377 4064 mundare.
1419 4001 1470 4064 42.
1491 3999 1533 4064 Et
1574 4023 1644 4066 oum
1686 3999 1812 4064 dixisset
1832 3998 1934 4062 statim
1963 3997 2101 4062 discessit

169 4133 233 4181 trom
265 4133 316 4181 him
351 4136 384 4207 be
400 4134 491 4182 briotni
524 4131 540 4194 1
600 4134 732 4197 genennt
783 4149 838 4185 was
965 4134 982 4198 Ἰ
1053 4135 1167 4186 babodon
1236 4148 1291 4184 was
1324 4137 1377 4186 him
1415 4134 1529 4210 brebe]
1603 4137 1660 4184 dant
1725 4135 1784 4184 hina
1960 4130 1976 4193 1
2028 4137 2102 4208 evnp

179 4209 218 4273 ab
269 4229 307 4274 eo
379 4212 467 4298 lepra
517 4221 549 4276 et
579 4213 744 4280 mundatus
779 4225 833 4281 est
877 4217 928 4281 43.
949 4214 992 4280 Et
1012 4215 1214 4280 comminatus
1242 4225 1288 4280 est
1337 4214 1556 4301 eistatimqne
1590 4213 1678 4278 eiecit
1708 4211 1805 4276 illum.
1861 4214 1912 4278 44.
1947 4211 1989 4275 Et
2026 4211 2100 4277 dioit

169 4351 196 4393 to
213 4344 266 4394 blm
300 4346 369 4407 goeth
389 4346 427 4397 ’6ο
461 4361 590 4409 nansgum
607 4363 682 4398 menn
717 4353 922 4426 ungatassaba
956 4353 987 4402 ah
1040 4367 1087 4414 gas
1154 4358 1236 4402 etesw
1281 4353 1312 4423 ιο
1347 4349 1414 4400 ’tem
1431 4350 1501 4398 elder
1570 4349 1653 4398 saoard
1747 4345 1763 4408 1
1809 4348 1868 4409 ngat
1922 4349 1961 4396 tor
2013 4349 2087 4397 elan-

210 4423 238 4488 ai
321 4423 394 4490 uide
506 4426 622 4492 nemini
756 4428 871 4495 dixeris
940 4433 995 4498 sed
1023 4431 1104 4497 uade
1131 4429 1259 4497 ostende
1285 4440 1317 4494 te
1360 4429 1491 4517 principi
1519 4429 1712 4494 secerdotum
1741 4437 1771 4492 et
1796 4427 1874 4492 offer
1909 4447 1967 4514 pro
1995 4447 2099 4492 emun-

185 4540 264 4656 sangi
313 4595 372 4668 pins
413 4598 494 4669 pape
569 4597 628 4647 habt
712 4613 811 4663 moyses
859 4605 886 4652 tn
961 4603 1076 4675 oypntsse
1152 4601 1217 4652 sem
1386 4599 1437 4650 tob
1497 4599 1527 4648 he
1590 4599 1674 4648 toerds
1745 4611 1826 4659 engen
1906 4597 1996 4658 bodigs
2072 4594 2089 4658 1

168 4669 292 4738 datione
316 4683 370 4737 tua
412 4695 491 4762 quae
518 4678 674 4764 praecepit
699 4678 826 4765 Moyses
858 4680 891 4744 in
918 4681 1126 4746 testimonium
1153 4679 1223 4744 illis.
1272 4680 1323 4748 45.
1352 4677 1460 4765 Atque
1485 4677 1539 4743 ille
1565 4698 1706 4764 egressus
1734 4678 1835 4770 eoepit
1860 4677 2038 4764 praedicare
2067 4686 2098 4742 et

195 4809 305 4872 ”³¹80
419 4812 487 4860 '0rd
573 4815 621 4886 bus
655 4813 683 4890 ¹15
725 4815 860 4866 vntudlioe
913 4829 945 4867 na
1005 4817 1092 4865 mahte
1158 4829 1277 4877 oawnnga
1338 4817 1366 4866 in
1408 4813 1446 4864 ’ta
1462 4821 1554 4864 neutro
1589 4815 1713 4879 ingangan
1729 4817 1742 4863 1
1759 4815 1849 4864 ineode
1882 4814 1914 4864 nh
1958 4814 2037 4864 buten
2070 4813 2096 4858 in

168 4885 328 4954 diffamare
366 4910 542 4956 sermonem
575 4891 618 4956 ita
654 4903 689 4957 nt
766 4893 828 4960 iam
895 4917 960 4960 non
996 4904 1100 4983 posset
1138 4893 1299 4960 manifeste
1336 4894 1370 4958 in
1405 4894 1559 4960 deitatem
1664 4894 1793 4960 introire
1865 4891 1921 4958 sed
1954 4889 2029 4955 toris
2062 4888 2095 4952 in
2116 4890 2158 4956 20

168 5040 296 5104 πιοιιςαω
330 5049 436 5093 stowam
471 5058 539 5094 wera
573 5041 590 5104 Ἰ
635 5044 807 5105 εοοοιιωοᾱιιιι
824 5045 836 5093 1
855 5048 910 5096 ahts
930 5061 1019 5100 temon
1063 5054 1089 5096 ιο
1130 5048 1182 5096 him
1227 5047 1369 5110 agbvonsn
1386 5047 1423 5095 ht
1440 5046 1566 5108 emunah
1583 5047 1649 5098 heito

167 5119 294 5186 desertis
345 5120 422 5186 loeis
463 5131 543 5188 osset
563 5131 594 5187 et
708 5125 933 5191 conueniebent
1050 5126 1090 5191 nd
1112 5147 1182 5194 eum
1359 5125 1503 5212 undique.

522 5271 538 5334 1
575 5265 624 5324 nii
642 5287 704 5324 sons
720 5275 732 5324 1
749 5273 833 5326 hrabe
868 5275 981 5328 tntoerde
996 5277 1009 5324 1
1025 5276 1116 5328 insede
1150 5278 1289 5340 osphenmh
1308 5279 1340 5351 bs
1357 5277 1431 5340 byrig
1468 5265 1518 5325 ari
1556 5278 1649 5338 degum
1797 5272 1814 5336 1
1884 5271 1990 5335 gehered
2040 5284 2096 5320 was

290 5348 551 5440 0⁸P·1L1·Ei
653 5354 766 5418 iterum
929 5356 1054 5422 intrauit
1177 5355 1396 5444 capharnaum
1457 5366 1527 5442 post
1568 5357 1642 5422 dies.
1725 5357 1756 5418 2.
1784 5353 1827 5419 Ει
1867 5351 2006 5416 auditum
2047 5361 2093 5416 est
2117 5333 2188 5406 Μ

1883 5451 1905 5515 5
