4966 6294
1175 423 1426 498 ..40-

387 617 418 666 he
436 617 515 666 nfirda
568 619 632 667 troni
665 618 766 680 rimam
818 619 889 668 blora
1042 617 1177 684 Jnissy
1233 621 1333 684 astlgnn
1394 619 1519 698 myscha
1559 631 1640 684 engen
1682 619 1741 670 bine
1816 619 1924 681 gabldda
1957 620 2020 671 saba
2055 622 2118 670 from
2164 622 2254 672 &orla

365 695 536 761 discederet
584 697 623 762 de
659 697 773 762 finibus
802 718 918 762 eorum.
962 699 1012 763 18.
1035 697 1178 786 Cumque
1196 698 1376 766 ascenderet
1407 700 1512 764 neuim
1550 699 1650 787 coepit
1669 698 1758 764 illum
1778 697 1938 786 deprecari
1966 700 2018 786 qui
2073 722 2093 764 a
2133 701 2302 767 daemonio

376 833 477 882 svaled
545 849 600 884 was
643 833 696 913 “lste
732 849 794 885 wera
833 835 891 886 ml’d
926 835 978 884 him
1115 833 1131 894 Ἰ
1177 851 1208 886 no
1247 836 1363 886 torleorta
1396 837 1454 888 hina
1494 837 1525 888 ah
1560 837 1639 888 evas
1673 843 1699 885 to
1718 836 1771 885 hlm
1805 851 1851 898 gae
1902 837 1930 885 ln
2015 836 2063 886 hus
2159 836 2207 888 sin
2268 845 2300 888 to

365 923 495 979 uexatus
521 914 621 979 fuerat
651 924 686 980 ut
724 924 804 980 esset
824 937 895 979 eum
915 914 980 978 illo.
1023 915 1074 982 19.
1095 913 1138 980 Et
1157 937 1220 980 non
1242 914 1364 992 admisit
1390 937 1462 982 eum
1481 915 1538 984 sed
1586 916 1628 982 ait
1698 914 1745 979 illi
1793 915 1874 982 uada
1904 917 1937 980 in
1971 916 2098 982 domum
2133 927 2218 982 tuam
2256 917 2300 982 ed

371 1050 439 1101 ’einh
473 1049 490 1112 Ἰ
525 1057 551 1100 to
569 1063 695 1112 sacganna
730 1050 782 1098 him
817 1052 852 1100 hu
869 1051 942 1100 micel
977 1049 1013 1100 ’aa
1089 1051 1146 1100 drih
1231 1052 1296 1115 dyde
1340 1051 1356 1113 Ἰ
1393 1052 1513 1104 mllsenda
1552 1053 1589 1104 sia
1624 1051 1673 1103 'din
1801 1049 1818 1112 Ἰ
1855 1053 1915 1102 arde
1949 1049 1966 1112 Ἰ
2011 1067 2093 1114 engen
2161 1053 2254 1114 bodiga

365 1138 433 1196 tuos
471 1139 501 1195 et
535 1129 688 1194 annuncia
725 1129 786 1194 illis
822 1140 936 1216 quanta
967 1128 1023 1194 tibi
1046 1130 1189 1195 dominus
1210 1131 1317 1198 lecerit
1338 1142 1369 1198 et
1388 1133 1530 1198 misertus
1556 1134 1596 1198 sit
1624 1132 1677 1196 tui.
1720 1131 1770 1195 20.
1791 1129 1833 1195 Et
1853 1131 1927 1196 abiit
1945 1140 1976 1196 et
1996 1131 2097 1218 eoepit
2117 1130 2301 1218 praedicare

367 1267 393 1314 in
430 1266 484 1316 ’aar
500 1267 571 1328 byrig
604 1267 640 1314 bu
657 1266 730 1314 micel
766 1266 816 1314 him
870 1265 935 1328 dyda
988 1267 1023 1318 3ο
1040 1268 1089 1316 bret
1122 1264 1139 1327 Ἰ
1199 1269 1246 1318 alla
1295 1269 1482 1330 &sendradun
1615 1265 1632 1326 Ἰ
1674 1266 1770 1328 mte’sy
1855 1269 1962 1329 otorstag
2040 1267 2075 1318 ’da
2089 1267 2138 1316 hai
2171 1271 2199 1318 tn
2232 1269 2288 1331 reip

363 1345 395 1408 in
427 1343 567 1430 decapoli
609 1353 724 1431 quanta
756 1345 814 1408 sihi
840 1345 960 1412 fecisset
990 1347 1080 1412 Iesus
1113 1355 1143 1412 et
1164 1368 1270 1412 omnes
1292 1347 1491 1414 mirabantur.
1533 1347 1583 1412 21.
1603 1344 1646 1413 Et
1684 1367 1755 1410 eum
1786 1346 2025 1423 transcendisset
2044 1346 2133 1412 Iesus
2164 1350 2195 1411 in
2223 1347 2300 1412 naui

403 1481 438 1528 alt
529 1479 581 1528 ofer
633 1482 666 1552 pa
682 1480 726 1528 luh
762 1481 817 1527 erne
834 1493 924 1530 eomrm
961 1480 1062 1530 'braama
1096 1485 1196 1544 menige
1231 1488 1257 1531 to
1300 1485 1353 1532 him
1399 1480 1416 1543 Ἰ
1458 1495 1515 1532 was
1562 1483 1620 1544 ymb
1664 1481 1734 1531 bone
1751 1495 1784 1530 sar
1925 1478 1942 1545 Ἰ
1997 1495 2052 1530 com
2103 1496 2159 1533 sum
2177 1497 2234 1532 mon
2269 1485 2301 1532 ot

321 1561 487 1624 brumum
509 1559 727 1622 transfretum
767 1559 912 1622 conuenit
960 1560 1052 1623 turba
1094 1561 1192 1624 multa
1220 1561 1260 1626 ad
1291 1582 1362 1628 eum
1392 1571 1422 1626 et
1452 1570 1518 1627 erat
1549 1561 1631 1626 eirca
1678 1583 1771 1626 mare.
1835 1561 1886 1626 22.
1907 1559 1950 1626 Et
1983 1561 2067 1626 uenit
2102 1561 2228 1648 qudam
2256 1560 2297 1628 de

401 1695 586 1760 hehsomnuoge
647 1696 777 1758 ginemned
795 1709 850 1744 was
889 1695 956 1743 larus
998 1692 1014 1754 Ἰ
1069 1696 1144 1758 gisah
1192 1697 1250 1746 hine
1283 1698 1359 1760 gitaal
1376 1697 1387 1745 i
1405 1699 1467 1748 lectt
1508 1703 1534 1748 ta
1573 1698 1654 1748 lotum
1710 1697 1749 1745 his
1908 1693 1925 1756 Ἰ
2064 1696 2119 1746 bed
2229 1697 2288 1746 hine

364 1775 620 1860 archisynagogis
682 1774 808 1840 nomine
868 1774 970 1838 Iairus
993 1783 1024 1837 ct
1050 1774 1159 1838 uidens
1185 1796 1255 1838 eum
1306 1775 1438 1862 procidit
1499 1777 1539 1841 ad
1570 1777 1664 1864 podes
1695 1775 1761 1840 eius
1823 1776 1873 1842 23.
1901 1785 1932 1841 et
1969 1777 2193 1864 deprecabatur
2224 1797 2295 1842 eum

402 1912 474 1971 longe
518 1911 654 1960 eradenda
689 1909 907 1960 foforritana
942 1908 1029 1958 dohter
1063 1911 1115 1958 min
1150 1913 1176 1960 in
1210 1916 1346 1974 ytmestum
1395 1912 1417 1962 is
1577 1918 1629 1962 sata
1646 1926 1679 1962 on
1730 1913 1814 1962 hands
1874 1915 1925 1964 oter
1981 1915 2027 1963 hira
2061 1913 2113 1991 pte
2176 1914 2214 1964 hal
2259 1915 2296 1962 aie

365 1991 497 2054 multum
539 1990 643 2054 dicens
727 1990 873 2076 quoniam
955 1987 1019 2052 filia
1059 2011 1129 2054 mea
1148 1990 1181 2052 in
1209 1991 1354 2056 extremis
1382 2000 1428 2056 est
1463 1992 1535 2058 ueni
1561 1992 1687 2079 impone
1704 2013 1831 2056 manum
1850 2015 1945 2082 super
1971 2015 2040 2057 eam
2070 2002 2105 2060 ut
2144 1993 2231 2058 salua
2257 1993 2298 2056 sit

368 2099 386 2187 Ἰ
424 2127 465 2176 hio
484 2127 543 2188 lisga
680 2124 696 2186 Ἰ
734 2127 795 2175 aeda
830 2126 888 2176 mi’o
921 2125 974 2174 him
1009 2122 1024 2184 Ἰ
1089 2126 1214 2186 sylgenda
1268 2128 1320 2176 him
1355 2127 1457 2178 ³erectos
1491 2131 1591 2190 montge
1624 2126 1640 2188 Ἰ
1722 2125 1869 2188 assungur
1937 2128 1996 2176 hine
2140 2126 2157 2188 Ἰ
2219 2129 2265 2177 wit

364 2215 396 2272 et
436 2205 528 2271 uiuat.
593 2207 643 2270 24.
667 2205 709 2270 Et
729 2205 804 2268 abiit
824 2227 894 2269 cum
917 2205 971 2270 illo
1002 2213 1032 2270 et
1052 2206 1238 2290 sequebatur
1258 2228 1330 2274 eum
1361 2209 1452 2272 turha
1491 2207 1588 2272 multa
1614 2217 1646 2273 et
1666 2207 1910 2293 comprimebant
1930 2229 2011 2272 cum.
2053 2208 2103 2272 25.
2124 2205 2167 2272 Et
2186 2207 2298 2272 mulier

370 2343 433 2394 selis
467 2358 523 2392 was
557 2347 585 2394 tn
620 2344 778 2393 uttiomanda
837 2343 923 2393 blodas
975 2343 1065 2392 wintro
1131 2343 1214 2391 twalia
1375 2341 1391 2404 Ἰ
1445 2357 1501 2392 was
1552 2345 1655 2404 monlgu
1682 2341 1820 2404 straunge
1849 2343 1913 2392 irom
1943 2343 2139 2406 suibemontgd
2188 2345 2271 2394 laeum

363 2444 443 2508 quae
464 2432 530 2487 erat
551 2423 583 2486 in
621 2422 774 2508 profluuio
796 2421 955 2508 sanguinis
976 2423 1064 2486 annis
1085 2420 1249 2486 duodecim
1300 2421 1351 2488 26.
1368 2431 1399 2486 et
1430 2422 1531 2486 fuerat
1553 2422 1651 2486 multa
1675 2443 1821 2510 perpessa
1869 2443 1888 2485 a
1934 2423 2144 2510 compluribus
2167 2423 2296 2490 medicis

367 2557 384 2620 Ἰ
415 2559 511 2620 mi’e’sy
519 2560 604 2622 gesald
613 2573 668 2608 was
711 2560 758 2607 alla
793 2559 846 2607 hire
859 2559 921 2608 ’bine
953 2571 984 2607 na
1028 2557 1105 2606 aniht
1253 2559 1336 2622 gibnlp
1406 2561 1437 2608 ab
1471 2559 1568 2610 sulbar
1626 2573 1703 2619 wyrse
1780 2558 1858 2606 haldo
1982 2558 2078 2622 miter
2113 2560 2218 2622 gebarde
2258 2561 2297 2611 no

302 2639 343 2703 10
364 2649 395 2703 et
448 2647 632 2724 eroganerat
679 2638 783 2701 omnia
833 2659 890 2700 sua
940 2635 1181 2722 necquidquam
1201 2637 1374 2724 proiecerat
1394 2638 1449 2704 sed
1469 2638 1568 2726 magis
1590 2637 1723 2702 deterius
1743 2637 1885 2702 habebat.
1916 2639 1966 2702 27.
1989 2636 2070 2702 Cum
2097 2639 2233 2704 audisset
2258 2638 2297 2702 de

363 2769 461 2825 ’bahal
495 2787 550 2823 eom
590 2774 617 2822 in
654 2772 739 2823 'oraott
773 2773 831 2822 mm
850 2773 917 2823 hond
950 2769 966 2836 Ἰ
1008 2773 1095 2834 &hren
1189 2774 1286 2822 wadum
1377 2775 1416 2824 his
1570 2773 1679 2836 gravae
1713 2772 1927 2824 fomentorum
1956 2775 1996 2838 gli
2031 2775 2042 2821 1
2121 2775 2245 2836 grandnm

378 2853 451 2918 Iesu
486 2853 572 2917 uenit
591 2853 623 2916 in
654 2852 746 2917 turba
807 2862 891 2916 retro
949 2862 980 2916 et
1005 2851 1105 2938 tetigit
1128 2852 1345 2918 uestimentum
1366 2853 1439 2919 eius.
1491 2853 1541 2918 28.
1565 2853 1699 2919 Dicebat
1729 2852 1811 2917 enim
1853 2852 1925 2938 quia
1961 2853 1987 2917 si
2008 2851 2060 2917 uel
2081 2852 2295 2918 uestimentum

379 2992 418 3040 his
452 2990 476 3038 ie
493 2991 591 3052 gibrino
626 2991 649 3039 le
666 2991 735 3038 blom
753 2990 794 3040 hal
923 2985 939 3048 Ἰ
976 3001 1063 3037 recens
1079 2989 1092 3035 1
1109 3001 1171 3038 sona
1204 2987 1326 3050 gldrugad
1360 3003 1415 3038 was
1451 3002 1571 3052 asprynga
1643 2989 1730 3038 blodas
1806 2988 1858 3038 hire
1910 2985 1926 3048 Ἰ
1963 2989 2070 3052 gitoalde
2114 2987 2173 3039 mi’b
2190 2989 2296 3038 liehoma

364 3072 429 3138 eius
455 3069 585 3155 tetigero
625 3068 710 3132 salua
733 3089 796 3132 ero.
840 3067 890 3132 29.
912 3067 954 3131 Et
994 3067 1154 3132 confestim
1202 3067 1330 3132 siccatus
1370 3077 1416 3132 est
1477 3069 1546 3134 fons
1608 3066 1767 3153 sauguinis
1797 3067 1860 3132 eius
1899 3077 1930 3132 et
1966 3067 2062 3132 sensit
2140 3089 2271 3154 corpore

362 3208 441 3259 batte
475 3206 580 3268 gihaelad
615 3218 676 3253 wera
717 3206 781 3253 from
821 3205 876 3253 adla
1030 3200 1047 3262 Ἰ
1101 3204 1159 3252 sto'd
1202 3203 1237 3254 ’6ο
1254 3203 1303 3252 het
1384 3210 1476 3268 ongatt
1551 3219 1583 3256 on
1618 3205 1677 3254 hina
1694 3205 1775 3253 soliha
1810 3204 1847 3253 ’aa
1863 3202 1951 3254 mahta
1994 3203 2057 3254 seha
2125 3203 2187 3254 ecda
2230 3205 2291 3252 hom

363 3287 436 3374 quia
473 3293 581 3349 sanata
609 3292 688 3348 esset
740 3305 759 3346 a
799 3282 902 3370 plage.
945 3281 1291 3350 30.Iltstatim1csus
1325 3305 1516 3372 cognoscens
1543 3285 1579 3348 in
1608 3283 1771 3369 semetipso
1810 3282 1955 3377 uirtutem
1982 3302 2062 3370 quae
2098 3283 2215 3347 exierat
2241 3281 2277 3344 de

369 3425 421 3474 him
456 3423 512 3472 asne
530 3422 626 3484 gicarda
660 3427 687 3472 to
723 3419 791 3472 ’anm
807 3421 888 3468 tolcha
923 3420 954 3467 hs
969 3419 1075 3480 uaeas
1109 3419 1187 3469 hyalo
1238 3420 1297 3470 hran
1383 3421 1507 3483 glwedum
1559 3419 1655 3468 minum
1909 3419 2013 3468 owsdun
2073 3419 2125 3468 blm
2176 3419 2264 3480 mgna

363 3501 417 3565 illo
459 3521 625 3566 conuersus
656 3500 695 3564 ad
743 3495 866 3564 turbam
949 3498 1049 3564 aicbat
1111 3497 1179 3582 quis
1222 3498 1323 3588 tetigit
1356 3499 1538 3564 uestimenta
1567 3498 1659 3564 mea?
1722 3499 1773 3564 31.
1806 3496 1848 3562 Et
1889 3497 2031 3564 dicebant
2081 3499 2109 3562 ei
2155 3496 2294 3586 discipuli

363 3637 402 3687 bis
417 3636 429 3684 1
447 3635 501 3686 δυο
535 3635 575 3686 ’du
591 3636 651 3697 gisia
686 3635 755 3686 ³dono
773 3634 849 3685 ’tract
934 3633 1075 3696 eringonda
1161 3648 1193 3683 on
1214 3633 1263 3684 ’bae
1300 3631 1317 3694 Ἰ
1355 3634 1394 3685 tiu
1407 3635 1506 3686 carabes
1541 3634 1595 3682 hwa
1628 3647 1682 3684 mae
1722 3633 1810 3697 gibran
1977 3632 1994 3695 Ἰ
2066 3635 2124 3696 ymb
2143 3633 2271 3684 soeowada

303 3717 343 3784 15
405 3715 453 3780 sui
549 3715 636 3780 uides
697 3718 820 3781 turbam
873 3712 1126 3800 comprimentem
1195 3723 1225 3776 to
1288 3723 1319 3778 et
1389 3713 1465 3779 dicis
1534 3713 1602 3800 quis
1629 3733 1681 3780 me
1714 3713 1838 3799 tetigit?
1886 3713 1936 3778 32.
1964 3711 2005 3776 Et
2035 3711 2297 3800 circumspiciebat

361 3876 387 3919 to
404 3871 505 3930 gisem
539 3868 581 3916 his
596 3867 609 3916 1
627 3866 663 3917 ’aa
680 3869 727 3918 ilca
772 3868 806 3919 'da
859 3867 903 3918 'dis
955 3865 1020 3929 dyda
1188 3865 1277 3941 Ἑνὶ(
1309 3866 1409 3918 vntudi
1443 3866 1567 3917 ondreord
1600 3864 1616 3927 Ἰ
1668 3865 1782 3916 forhtada
1840 3867 1910 3915 wirte
1968 3863 2020 3940 ⁴pta
2063 3865 2191 3927 glwordan
2233 3877 2295 3914 ware

386 3949 492 4014 uidere
605 3967 674 4012 eam
754 3969 833 4033 quae
854 3947 915 4012 hoc
934 3947 1058 4012 fecerat
1100 3946 1151 4012 33.
1172 3945 1288 4012 Mulier
1324 3967 1400 4012 uero
1449 3947 1561 4012 timens
1593 3954 1624 4010 et
1654 3954 1790 4011 tremens
1821 3944 1920 4010 sciens
1951 3944 2035 4030 quod
2071 3944 2187 4010 iactum
2218 3953 2297 4008 esset

363 4105 391 4152 in
426 4101 465 4150 hir
505 4113 561 4150 acm
608 4097 625 4160 Ἰ
684 4101 759 4161 gitaol
811 4101 893 4150 bitom
936 4101 988 4149 him
1030 4096 1046 4159 Ἰ
1090 4098 1168 4149 crab
1203 4099 1255 4148 him
1306 4101 1384 4148 sunm
1428 4098 1505 4149 itatto
1523 4098 1628 4148 so’6osts
1786 4095 1817 4143 he
1858 4095 1957 4145 wutudt
1996 4096 2075 4146 esea
2114 4096 2167 4146 blm
2208 4096 2296 4146 dehtar

363 4183 396 4244 in
427 4203 461 4247 se
486 4179 572 4246 uenit
597 4189 629 4246 et
655 4179 788 4266 procidit
815 4189 886 4244 ante
924 4201 996 4244 eum
1024 4187 1054 4244 et
1092 4177 1171 4243 dixit
1211 4179 1240 4244 ei
1282 4199 1405 4242 omnem
1446 4179 1616 4243 ueritatem.
1685 4175 1736 4240 34.
1765 4175 1827 4240 llle
1853 4185 1956 4241 autam
1991 4176 2069 4240 dixit
2121 4177 2149 4241 oi
2209 4175 2273 4240 iilia

361 4334 451 4394 gileota
485 4333 534 4384 ’oin
570 4331 620 4382 'bac
679 4333 735 4382 hale
788 4332 879 4395 gidyde
914 4347 980 4394 gang
1013 4333 1041 4380 ln
1076 4332 1145 4381 stbbe
1178 4329 1194 4391 Ἰ
1230 4344 1281 4380 was
1323 4331 1364 4378 bal
1405 4331 1470 4379 horn
1504 4331 1560 4380 adlo
1601 4328 1668 4379 arno
1784 4328 1821 4378 ’dr
1839 4341 1919 4390 gaona
1950 4329 1980 4377 ha
2016 4329 2148 4391 spreeenda
2189 4341 2278 4377 aemon

363 4411 441 4476 fides
483 4421 537 4476 tua
578 4423 609 4477 te
650 4412 768 4478 saluam
798 4412 869 4476 iecit
907 4411 987 4475 trade
1012 4411 1044 4474 in
1076 4431 1151 4497 pace
1176 4418 1207 4474 ot
1226 4419 1291 4474 esto
1312 4421 1388 4473 sana
1429 4432 1448 4472 a
1488 4409 1581 4496 plaga
1604 4417 1666 4474 tua.
1708 4407 1758 4472 35.
1790 4407 1907 4472 Adhuc
1943 4427 1980 4472 eo
2002 4407 2148 4494 loquente
2167 4407 2296 4472 ueniunt

363 4565 427 4612 from
461 4563 515 4613 ’aar
532 4566 625 4614 solebas
642 4577 808 4625 somnungum
849 4563 984 4613 ewa’denda
1032 4563 1126 4613 torbon
1162 4562 1248 4612 dobtcr
1288 4561 1337 4613 ’din
1398 4562 1462 4612 deod
1537 4563 1559 4610 is
1599 4561 1670 4610 nnat
1704 4562 1761 4623 lang
1777 4560 1789 4608 1
1807 4559 1899 4610 iorbnr
1936 4566 2044 4622 styrestu
2115 4557 2184 4610 ’dona
2201 4559 2276 4608 larow

371 4643 411 4706 ab
512 4643 761 4730 archisynagogo
845 4642 981 4708 dieentes
1041 4643 1112 4727 quia
1174 4641 1238 4705 filia
1284 4651 1337 4705 tua
1367 4651 1490 4706 mortua
1520 4650 1567 4706 est
1598 4640 1672 4727 quid
1762 4639 1844 4704 ultra
1944 4660 2038 4704 nexas
2090 4635 2295 4724 magistrum?

440 4793 474 4844 ’6ο
493 4795 541 4842 het
574 4795 672 4842 wutudi
723 4795 790 4843 word
844 4795 921 4844 'batte
955 4793 1080 4856 giewadan
1099 4807 1154 4843 waes
1188 4795 1288 4856 giharda
1322 4795 1401 4845 owed
1434 4801 1461 4845 to
1480 4793 1548 4844 ’dam
1565 4793 1759 4842 hebaldurmenn
1802 4792 1866 4841 nella
1886 4791 1926 4842 ’du
1960 4789 1995 4842 ’6ο
2015 4790 2124 4840 ondreda
2175 4791 2205 4838 ah
2225 4788 2278 4839 ’bat

302 4877 344 4940 20
364 4877 413 4940 36.
442 4875 531 4940 Iesus
572 4883 675 4938 autem
706 4874 802 4939 uerbo
835 4873 918 4959 quod
972 4872 1130 4937 dicebatur
1181 4873 1284 4938 audito
1343 4873 1386 4935 ait
1467 4873 1718 4959 archisynagogo
1832 4871 1896 4936 noli
1987 4871 2096 4934 timere
2163 4879 2294 4932 tantum·

368 5042 416 5078 sna
433 5042 469 5077 nu
503 5029 589 5089 gilaias
732 5023 748 5086 Ἰ
793 5041 825 5074 nc
878 5029 972 5087 gelaort
1014 5028 1110 5090 anigno
1126 5039 1220 5075 menno
1255 5031 1281 5076 to
1306 5026 1422 5087 lylganno
1438 5026 1450 5074 1
1466 5025 1533 5088 tylga
1550 5027 1603 5076 blm
1640 5026 1702 5074 buta
1758 5031 1828 5088 petra
1878 5020 1895 5084 Ἰ
1962 5023 2048 5071 iaeobe
2104 5019 2120 5082 Ἰ
2200 5021 2242 5070 ioh

364 5107 458 5172 modo
501 5107 602 5172 erede.
644 5105 696 5170 37.
717 5104 759 5169 Et
780 5127 842 5169 non
866 5105 988 5171 admisit
1030 5127 1214 5192 quemquam
1257 5125 1290 5169 se
1412 5105 1498 5190 acqui
1645 5104 1702 5168 nisi
1724 5104 1853 5167 Petrum
1874 5111 1905 5168 et
1924 5099 2076 5165 Iacobmn
2096 5111 2127 5165 ct
2146 5106 2294 5165 Ioannem

333 5307 340 5316 ,
385 5258 478 5310 hro’der
520 5263 617 5310 incohes
758 5254 775 5319 Ἰ
829 5272 919 5307 eomnn
970 5265 996 5308 to
1049 5258 1138 5308 horum
1182 5257 1235 5306 'das
1254 5257 1426 5309 aldermonnes
1468 5254 1485 5317 Ἰ
1529 5257 1605 5318 gisah
1649 5255 1685 5306 ’aa
1701 5269 1823 5316 wanunga
1856 5252 2045 5318 Jrroependa
2087 5251 2103 5314 Ἰ
2148 5252 2276 5303 menende

363 5340 491 5403 fratrem
510 5337 627 5402 Iaeobi.
670 5337 722 5402 38.
744 5336 787 5403 Et
812 5338 939 5402 ueniunt
970 5337 1002 5399 in
1030 5336 1157 5402 domum
1182 5335 1423 5424 archisynagogi
1459 5345 1490 5401 ct
1525 5335 1604 5401 uidit
1649 5335 1815 5400 tumultum
1847 5343 1877 5399 et
1922 5333 2030 5400 flentm
2078 5344 2109 5400 et
2146 5331 2294 5398 eiulantes
