4966 6294
1060 430 1108 442 -
1163 389 1206 466 11
1259 430 1310 443 -
1853 309 2214 438 stfflgms·

198 587 312 640 suindrto
369 597 395 639 tc
415 590 538 639 onioaune
598 583 614 646 1
652 585 688 638 its
705 587 808 649 syndrio
865 574 975 649 sumit
1076 591 1104 637 to
1121 576 1233 638 lismnno
1462 597 1488 638 to
1559 588 1655 651 symtlc
1705 587 1833 638 biddsnns
1909 586 2027 649 gaddana
2080 587 2117 634 rso

185 667 325 754 singulos
352 667 553 734 assumendos
587 675 619 731 et
655 665 794 752 singidos
826 666 1007 753 pronuntiat
1037 665 1267 752 relinquendos.
1337 690 1411 732 nrx.
1443 667 1499 754 Ad
1529 687 1651 754 semper
1688 666 1839 732 orandum
1869 665 2048 753 parabolam
2077 663 2116 729 de

184 800 269 851 vidus
306 795 405 852 ssttcit
461 813 539 849 wrsso
595 802 632 848 iro
667 801 824 850 arsamum
865 801 904 850 his
938 803 975 850 iro
1009 803 1143 852 unrehtssis
1179 802 1265 852 dosms
1317 804 1455 865 &wigando
1666 805 1695 851 ot
1710 802 1788 864 gabed
1849 801 1904 852 ’sas
1922 802 2023 850 clamas
2083 813 2116 849 on

185 880 280 945 uidua
317 881 404 968 ponit
424 878 572 943 ultionem
593 878 632 943 dc
659 878 837 943 aduersario
860 900 917 943 suo
938 878 977 943 ab
1022 878 1131 965 iniquo
1170 879 1271 946 iudice
1298 883 1482 968 postulante.
1535 904 1621 946 nrrr.
1643 879 1794 946 Oratione
1854 879 2007 968 pharisaei
2082 879 2115 942 in

203 1017 295 1079 temple
334 1013 350 1074 Ἰ
391 1017 532 1078 barsynnig
576 1003 600 1064 le
617 1019 722 1076 gesettst
760 1013 839 1063 larci
882 1028 914 1062 ns
947 1019 974 1062 to
992 1026 1126 1076 worpsnns
1160 1015 1197 1066 ’oa
1213 1017 1298 1065 merdo
1336 1017 1367 1064 ah
1401 1021 1428 1065 to
1446 1015 1586 1065 ondatsnds
1638 1027 1719 1076 synno
1919 1016 1956 1066 ’ba
1972 1015 2035 1077 iytlo
2077 1017 2115 1064 iro

184 1095 301 1181 templo
328 1103 359 1159 et
383 1093 539 1182 publicani
568 1092 726 1179 proposita
751 1091 842 1156 docet
862 1111 927 1155 non
959 1091 1103 1157 iactanda
1169 1094 1278 1159 merita
1323 1093 1378 1160 sed
1410 1093 1584 1159 confitenda
1604 1103 1737 1183 peecata
1778 1117 1880 1160 nuru.
1902 1094 2056 1160 Paruulos
2085 1116 2104 1158 a

185 1229 214 1280 hi
245 1230 372 1280 hissdrih
443 1219 531 1278 labssd
623 1225 772 1276 e’tmodniss
813 1225 891 1274 under
925 1227 996 1274 hiors
1060 1241 1136 1277 noma
1205 1230 1307 1281 memb
1366 1234 1393 1280 to
1414 1223 1536 1280 haldenne
1774 1232 1879 1293 perregn
1948 1229 2116 1291 hancwcligo
2169 1196 2176 1208 ,

185 1329 219 1374 se
255 1307 353 1374 uetari
394 1308 564 1396 prohibens
591 1303 794 1369 humilitatem
821 1303 878 1368 sub
906 1324 1014 1370 eorum
1037 1306 1163 1373 nomine
1183 1307 1336 1394 significat
1358 1308 1565 1395 optinendam.
1593 1329 1707 1372 nrrrm
1725 1307 1929 1396 Interrogare
1999 1309 2086 1373 diues

183 1444 221 1494 iri
275 1449 302 1494 to
321 1446 422 1506 brenna
497 1441 529 1490 lii
623 1439 664 1488 ios
733 1437 782 1488 ’diu
798 1430 872 1488 astra
947 1453 1052 1493 onsuus
1137 1440 1218 1492 unsbd
1273 1445 1370 1504 caueri
1417 1441 1433 1503 1
1546 1433 1625 1494 ilstrh
1800 1433 1824 1494 le
1919 1457 1994 1494 noma
2062 1446 2101 1494 his

184 1521 224 1587 de
252 1521 441 1608 possidenda
478 1521 540 1584 uita
577 1528 703 1582 aeterna
733 1517 869 1582 secunda
901 1519 1102 1606 responsione
1129 1519 1222 1584 tristis
1251 1520 1382 1586 abscidit
1409 1532 1440 1588 et
1466 1522 1710 1608 relinquentibus
1725 1531 1865 1609 ¹propter
1891 1545 2006 1588 nomen
2021 1545 2113 1588 suum
2154 1525 2175 1588 5

250 1657 314 1719 lytlo
384 1655 440 1704 drih
510 1653 550 1704 tes
661 1653 721 1703 heht
956 1656 1041 1718 gesald
1057 1658 1087 1706 he
1105 1669 1184 1706 roera
1219 1660 1246 1706 to
1332 1657 1443 1706 hierosol
1509 1653 1624 1716 Jssocrs
1641 1657 1809 1721 gatrauands
1858 1649 1966 1710 feeuoeb

182 1733 364 1820 temporalia
385 1733 443 1797 dtis
464 1743 590 1798 aeterna
608 1732 766 1820 promittit
805 1755 934 1798 sumn.
975 1733 1178 1800 Tradendum
1217 1755 1251 1799 sc
1271 1733 1487 1800 Hierosolimis
1549 1757 1774 1824 passurumque
1830 1737 1986 1823 praedicit
2017 1761 2112 1804 nne.

218 1873 250 1916 sat
356 1871 397 1919 hie
464 1869 552 1918 blinds
594 1869 716 1919 muscos
794 1869 846 1916 lsht
894 1881 927 1918 on
961 1869 1103 1919 oudnaasdc
1144 1871 1242 1919 sitastu
1476 1869 1601 1921 tartesus
1726 1874 1768 1922 his
2041 1873 2111 1924 ³tous

183 1945 276 2010 quta
295 1945 444 2012 Hiericho
467 1968 539 2013 ceco
560 1947 745 2012 mendicanti
766 1947 872 2012 lumen
892 1947 925 2010 in
952 1948 1106 2034 praesenti
1125 1945 1266 2012 restituit
1302 1971 1410 2013 nrxvr.
1429 1947 1653 2015 Perambulans
1680 1951 1830 2017 Hiericho
1848 1951 2023 2016 Zaccheum
2048 1975 2103 2038 pu-

183 2081 327 2133 sidormono
378 2083 481 2132 unband
515 2082 578 2133 saite
612 2097 685 2133 onom
743 2083 784 2131 hal
871 2083 948 2144 gadas
989 2079 1043 2159 'il’
1110 2081 1195 2132 losada
1460 2084 1551 2146 hispali
1627 2089 1690 2133 setta
1758 2082 1842 2146 tegna

183 2159 339 2226 blicanum
366 2162 501 2227 absoluit
520 2162 574 2250 qui
606 2161 691 2226 uenit
710 2159 831 2225 saluum
851 2161 954 2225 facere
974 2159 1059 2246 quod
1079 2161 1223 2248 perierat
1264 2183 1385 2225 nxxvrr.
1406 2161 1593 2226 Parabolam
1613 2163 1702 2249 ponit
1721 2184 1882 2228 seruorum
1902 2163 2114 2250 accipientium

182 2296 219 2346 isit
265 2297 374 2346 hisisrdo
436 2297 475 2348 his
537 2299 565 2346 oi
731 2293 784 2373 'Jste
851 2297 893 2346 his
909 2297 1014 2357 gabohts
1087 2297 1124 2344 iro
1166 2295 1219 2344 isira
1258 2293 1274 2355 Ἰ
1342 2297 1441 2346 frondes
1504 2299 1566 2347 sices
1611 2298 1651 2347 isis
1718 2287 1829 2358 iacgas
1915 2297 1979 2347 ’terh
1996 2299 2106 2359 galisada

192 2395 211 2440 a
254 2374 380 2444 domino
425 2398 482 2442 suo
531 2376 696 2440 decemnas
743 2385 777 2440 ut
813 2374 1047 2462 negotiarentur
1085 2395 1124 2440 ex
1174 2376 1218 2442 eis
1256 2385 1287 2441 et
1325 2376 1465 2441 inimicos
1492 2378 1584 2463 regni
1611 2377 1658 2441 sui
1689 2377 1869 2464 pronuntiat
1906 2377 2111 2464 perimendos.

389 2499 418 2560 ol
499 2512 552 2562 iola
618 2512 696 2560 sssles
744 2516 800 2560 ssstt
867 2511 919 2560 sliu
971 2510 1147 2561 accedendum
1182 2511 1237 2559 sibb
1265 2524 1297 2561 on
1324 2507 1457 2570 naama]
1499 2515 1568 2574 geisa
1602 2525 1636 2562 on
1670 2511 1774 2564 hesnish
1816 2510 1833 2572 Ἰ
1871 2515 1899 2562 ot
1973 2511 2063 2561 bretti

181 2611 316 2656 mum.
339 2585 443 2678 Super
462 2590 583 2678 pullum
604 2589 708 2654 asinae
728 2589 807 2654 sedit
828 2589 944 2654 cunefis
966 2589 1138 2654 dicentibus
1168 2611 1231 2675 pax
1259 2589 1292 2653 in
1313 2589 1400 2655 eaelo
1422 2597 1453 2655 et
1472 2589 1575 2677 gloria
1596 2591 1628 2654 in
1651 2590 1781 2656 excelsis
1803 2600 1834 2656 et
1855 2590 1894 2656 de
1916 2590 2110 2678 increpandis
2133 2592 2174 2656 10

226 2725 313 2787 ugos
368 2727 408 2775 his
442 2725 525 2776 cnoe’d
560 2726 598 2788 gii
630 2724 680 2774 ’sas
732 2725 832 2786 sardon
892 2729 976 2774 stanes
1029 2723 1162 2786 cliopadoa
1435 2727 1515 2788 gesat
1550 2725 1587 2776 ’ta
1604 2731 1697 2774 ceastre
1730 2740 1820 2790 gessap
2054 2715 2085 2777 ol

181 2802 337 2892 discipulis
359 2806 422 2868 suis
458 2804 501 2868 ait
562 2805 589 2868 si
634 2803 668 2868 hi
699 2805 851 2870 mouerint
870 2802 988 2890 lapides
1009 2803 1196 2868 clamabunt.
1238 2825 1387 2868 nxxmrrr.
1409 2802 1528 2868 Videas
1549 2803 1704 2869 ciuitatem
1734 2805 1821 2870 fleuit
1839 2801 1903 2892 [fol.
1919 2803 2002 2894 135]
2018 2825 2113 2892 super

198 2939 241 2989 his
333 2929 439 3000 lsssgdo
544 2939 668 2988 circensi
742 2942 770 2989 oi
810 2940 903 3001 temple
943 2940 1100 3003 bsbyceendo
1129 2927 1197 2989 ior-r
1227 2939 1359 2991 ubertum
1435 2939 1541 2990 sstsndit
1609 2943 1637 2989 oi
1685 2941 1749 2990 tolca
1806 2941 1903 2990 lusitiee
1938 2954 1993 2988 ssss
2007 2937 2113 3001 gehersd

183 3037 251 3082 eam
270 3019 491 3104 praenuntians
512 3016 711 3082 euertendam
737 3017 777 3081 de
803 3018 919 3104 templo
940 3018 1109 3083 uendentes
1130 3019 1200 3084 eicit
1239 3019 1348 3083 scribis
1375 3017 1589 3083 insidiantibus
1611 3042 1630 3083 a
1650 3019 1766 3106 populo
1788 3018 1920 3083 libenter
1958 3017 2090 3083 auditur.

334 3153 475 3216 mgnsnde
526 3155 554 3202 oi
609 3152 696 3200 mahts
763 3152 803 3202 his
837 3153 973 3203 honorilice
1007 3156 1036 3202 oi
1100 3155 1239 3216 meando
1301 3153 1329 3202 oi
1411 3153 1454 3203 ioh
1578 3152 1618 3201 lut
1686 3154 1741 3202 eins
1759 3142 1858 3202 laomen
1877 3166 1976 3202 soeron

181 3253 276 3296 srxx.
298 3229 495 3299 Sciscitautes
516 3229 556 3297 de
575 3239 726 3318 potestate
747 3230 812 3296 eius
837 3230 971 3294 uicissim
999 3232 1039 3296 ab
1059 3232 1271 3320 interrogante
1290 3231 1330 3296 de
1350 3230 1501 3296 Iohannis
1522 3230 1672 3317 baptismo
1725 3232 1959 3296 conuincuatur.
2001 3255 2109 3297 sxrxr.

214 3367 330 3431 geddong
380 3368 465 3420 euoch
498 3370 535 3418 ist
595 3367 699 3417 buendii
755 3366 898 3428 rissendi
925 3365 989 3416 ss’os
1027 3367 1104 3417 isterd
1144 3368 1184 3418 his
1218 3366 1235 3428 Ἰ
1276 3379 1347 3416 senes
1390 3362 1406 3424 Ἰ
1452 3377 1518 3414 sunu
1587 3367 1701 3428 olslogon
1969 3367 2085 3416 costende

181 3445 367 3511 Parabolam
388 3448 462 3513 dicit
495 3447 534 3512 de
562 3446 731 3512 cultoribus
767 3447 877 3511 uineae
929 3446 982 3533 qui
1004 3446 1121 3512 domini
1142 3447 1190 3511 sui
1210 3455 1241 3512 et
1260 3465 1367 3510 seruos
1386 3443 1536 3509 etlilium
1556 3443 1744 3508 occiderunt.
1785 3466 1907 3508 ursan.
1929 3445 2108 3510 Temtantes

181 3583 209 3630 oi
262 3583 332 3643 garet
400 3597 500 3634 csssms
540 3589 567 3632 to
580 3571 712 3646 igcldsnac
741 3586 879 3646 penningss
931 3584 1065 3647 onssritlng
1153 3571 1237 3633 ierom
1679 3582 1718 3628 tro
1762 3582 1832 3630 scola
1880 3581 1989 3631 broborc
2030 3581 2095 3629 hiare

182 3656 222 3723 de
240 3657 356 3723 tributo
382 3659 514 3727 Castris
548 3661 708 3727 reddendo
750 3661 869 3728 denarii
900 3661 1099 3728 inscribtione
1119 3661 1283 3727 conuincit
1310 3683 1446 3726 nxxxm.
1461 3655 1651 3725 sadducaeis
1673 3658 1712 3724 de
1734 3668 1851 3746 septem
1877 3659 1975 3723 fratri
2011 3679 2109 3724 uxore
2131 3659 2171 3724 15

233 3793 358 3844 succendit
511 3796 571 3844 erist
707 3792 772 3856 lio
805 3799 897 3848 moises
932 3799 989 3849 mih
1007 3798 1114 3862 oy’tniss
1147 3796 1281 3860 getryms’d
1544 3794 1639 3847 soeculi
1731 3796 1784 3844 hun
1871 3796 1931 3845 crist
1965 3807 2031 3843 sunu
2066 3795 2103 3843 sle

182 3872 399 3957 quaerentibus
419 3873 675 3939 resurrectionem
695 3874 787 3938 etiam
811 3875 893 3940 Mosi
934 3877 1108 3942 testimonio
1134 3878 1304 3966 confirmat
1352 3897 1501 3938 sxxxrrrr.
1523 3872 1655 3952 Quaerit
1683 3874 1839 3959 quomodo
1865 3873 1934 3959 Xps
1963 3873 2044 3937 filius
2070 3873 2109 3934 sit

198 4008 279 4059 duait
312 4010 370 4060 mi'd
405 4009 505 4059 drihtno
547 4013 583 4058 tro
617 4009 669 4060 hlm
700 4009 887 4073 seregeesged
917 4013 943 4060 in
986 4013 1081 4073 psalma
1133 4009 1297 4072 huntssntsifi
1340 4008 1422 4059 niobe
1444 4023 1496 4072 upp
1510 4011 1620 4072 hepbing
1654 4023 1689 4058 reo
1706 4010 1761 4058 ’oon
1820 4009 1954 4060 nubemus
1988 4007 2113 4070 getheus

179 4088 286 4154 Dauid
306 4111 377 4154 cum
425 4089 487 4154 dr'ro
550 4090 590 4154 ab
628 4110 667 4155 eo
717 4099 882 4156 uocaretur
916 4089 949 4152 in
976 4090 1095 4178 psalmo
1123 4087 1310 4154 centensimo
1340 4110 1423 4154 nono
1452 4088 1615 4153 elationem
1643 4109 1768 4174 quoque
1793 4087 1963 4152 scribarum
1997 4087 2099 4172 arguit

179 4223 264 4273 vidua
637 4232 712 4288 tuere
757 4226 796 4288 lyi
862 4224 988 4276 sendends
1064 4213 1126 4275 ibor
1202 4225 1280 4276 silum
1384 4237 1447 4272 were
1525 4223 1659 4283 geiastnad
1935 4219 2071 4283 hargisndit

178 4300 273 4366 uidua
304 4303 337 4365 in
368 4303 617 4392 gazophilacium
646 4304 709 4370 duo
740 4327 813 4370 aera
841 4305 1013 4370 mittentem
1060 4303 1130 4392 plus
1178 4302 1322 4369 omnibus
1360 4301 1479 4365 misisse
1515 4299 1685 4364 confirmat.
1749 4323 1865 4365 cxxxv.
1896 4297 2108 4363 Laudsntibus

194 4440 328 4502 gsdmbrss
402 4443 494 4504 tampsi
534 4429 643 4492 loacas
661 4455 723 4490 sona
770 4439 825 4490 {sss
889 4441 1057 4491 toslimimeae
1114 4435 1131 4499 Ἰ
1234 4437 1379 4500 tmgnsndi
1488 4437 1517 4485 oi
1560 4435 1624 4484 ends
1669 4434 1832 4497 gaonduerde
1875 4437 1925 4496 ylio
1995 4434 2095 4496 mouigo

176 4517 350 4584 aedificium
387 4519 494 4606 templi
538 4519 707 4606 praedicito
748 4517 834 4584 cuius
876 4517 1065 4583 destruendi
1104 4526 1135 4582 et
1175 4515 1436 4603 interrogantibus
1478 4514 1518 4578 de
1558 4513 1621 4578 fine
1665 4513 1824 4600 respondit
1860 4513 1943 4576 mala
1973 4513 2108 4600 plurima

202 4653 358 4717 iomsoynigs
409 4667 456 4703 ns·
543 4643 685 4718 immunde
771 4654 844 4704 hund
880 4654 967 4717 gesald
1002 4666 1134 4717 gasprecsn
1152 4665 1236 4702 weron
1276 4652 1308 4699 sir
1358 4651 1386 4701 in
1438 4649 1533 4712 gecyld
1602 4649 1642 4698 his
1679 4649 1719 4698 his
1736 4649 1851 4712 magas
1904 4649 1989 4699 mosis
2031 4649 2102 4699 htors

175 4752 373 4819 praecessura
394 4753 453 4797 nec
471 4733 747 4821 praecogitandum
768 4733 844 4820 quid
870 4731 976 4798 traditi
1036 4731 1204 4818 loquantur
1263 4729 1319 4796 sed
1351 4727 1554 4816 inpatientia
1589 4750 1645 4792 sua
1671 4727 1849 4815 possideant
1876 4729 1994 4793 animas
2024 4750 2104 4793 suas.
2125 4727 2167 4792 20

379 4871 549 4932 ymbssilsnne
630 4873 667 4922 tro
743 4872 800 4920 hers
922 4871 991 4920 hieru
1096 4865 1112 4928 1
1160 4882 1205 4917 ssa
1266 4867 1334 4917 dem
1350 4864 1462 4914 tanniu
1547 4865 1623 4915 mord
1691 4877 1726 4914 eo
1742 4863 1798 4914 ³dou
1845 4861 1861 4923 Ἰ
1926 4862 2081 4940 *phaedon

175 4968 303 5014 nxxxvr.
326 4947 588 5014 circumdandam
618 4951 658 5015 ab
690 4950 828 5015 exmmtu
857 4949 1057 5015 Hierusalem
1088 4959 1119 5015 et
1148 4968 1207 5015 nae
1237 4944 1480 5034 praegnantibus
1512 4942 1651 5028 gladium
1683 4963 1807 5030 quoque
1836 4952 1868 5009 et
1900 4944 2105 5031 captiuitatem
2215 5017 2218 5022 ¹

190 5078 325 5144 Jtnnghs
360 5086 468 5134 hsotnrss
502 5086 628 5136 towesrdo
651 5082 667 5145 1
687 5086 746 5136 hine
780 5085 927 5149 toeymends
963 5098 996 5135 on
1026 5087 1121 5135 wolcen
1147 5084 1205 5136 mih
1262 5084 1350 5132 mahte
1422 5081 1495 5128 micis
1537 5075 1554 5137 Ἰ
1590 5078 1649 5130 mih
1667 5080 1742 5142 ’ὄψι
1787 5071 1898 5131 {moos

173 5161 324 5248 signaque
376 5163 453 5228 caeli
518 5165 623 5230 futura
649 5185 744 5252 seque
770 5175 936 5231 uentumm
961 5164 995 5228 in
1030 5165 1113 5230 nube
1134 5187 1205 5229 cum
1226 5171 1376 5252 potestate
1395 5181 1510 5246 magna
1531 5168 1562 5224 et
1582 5159 1739 5224 maante
1758 5157 1916 5244 praedicit.
1957 5177 2101 5220 amun.
2137 5139 2221 5206 29·

217 5311 239 5358 r.
258 5308 407 5358 umaro·
425 5308 477 5359 sss.
497 5313 520 5361 s.
539 5312 555 5360 s
572 5310 691 5362 omna
710 5314 735 5360 a.
753 5311 770 5361 s
788 5310 873 5360 uam
890 5321 968 5360 mna.
989 5311 1029 5359 ro.
1044 5309 1097 5358 auu
1114 5307 1168 5358 sss.
1186 5309 1226 5358 rr.
1241 5309 1259 5358 1.
1276 5275 1339 5358 ms'
1352 5307 1393 5356 1s.
1411 5305 1522 5354 masma
1540 5305 1591 5355 sss.
1617 5307 1656 5354 ra.
1673 5305 1691 5354 1.
1708 5304 1830 5368 praedica
1847 5302 1949 5443 &¹2⁰0st
