4966 6294
1729 279 1869 374 dome.
1890 296 2149 380 demersat.

1091 463 1141 474 .-
1195 417 1242 496 13
1292 459 1342 472 ...

308 632 374 683 ’tara
392 629 532 680 nuendum
600 627 702 676 iudeum
797 625 839 674 tot
918 633 1038 672 caraem·
1074 621 1131 669 hias
1164 617 1238 695 pha
1256 619 1291 666 sla
1327 620 1386 666 crist
1439 617 1469 664 ab
1525 614 1688 690 ‘praesudat
1706 627 1768 662 aare
1821 610 1918 663 hasselt
1972 602 2026 664 beia
2080 613 2146 663 sam

223 737 256 777 ιι.
278 707 547 795 Interrogantibus
588 703 711 770 Iudaeis
739 701 896 767 Iohannes
928 708 1022 786 negat
1078 719 1112 762 se
1191 717 1259 763 esse
1310 695 1396 780 Xpm
1427 695 1482 760 sed
1579 693 1706 757 missum
1851 711 1885 756 se
1960 699 2031 756 ante
2065 690 2153 756 illum

260 813 367 925 apem
421 859 473 940 ᾗτε
490 860 519 908 ha
537 870 598 905 aare
644 854 803 918 clioppsndaa
847 855 874 902 in
927 859 1042 901 noestam
1137 842 1184 899 al?
1267 850 1343 898 lsalas
1361 848 1428 897 ’taem
1445 847 1515 908 ultga
1550 843 1676 908 gesserat
1717 845 1751 894 Ite
1769 846 1817 893 llca
1866 845 1984 894 uutctltca
2033 845 2154 907 geondate

224 964 393 1028 uocemque
475 958 540 1002 esse
645 933 804 997 clamantis
847 931 879 993 in
921 930 1042 994 deserto
1075 927 1243 994 seeundum
1321 925 1445 990 Esaiam
1548 924 1686 990 enuntiat
1720 923 1820 1012 ipsum
1884 945 1958 988 uero
2041 922 2153 987 fatetur

256 1045 338 1148 lamb⁰
363 1093 481 1144 laedenda
498 1093 510 1140 t
527 1090 659 1141 nlomeude
705 1099 784 1148 synuo
819 1085 1024 1146 middangeardaa
1059 1095 1092 1132 nc
1163 1083 1281 1133 luluande
1351 1083 1378 1128 in
1416 1079 1486 1141 balga
1522 1086 1590 1142 gasto
1639 1077 1732 1129 tortor
1786 1077 1820 1127 ss
1838 1079 1886 1127 ilea
1922 1079 1958 1128 sie
1975 1080 1987 1127 l
2005 1084 2027 1130 ts
2064 1081 2155 1129 enula

224 1197 337 1262 agnum
443 1172 572 1237 tollente
678 1173 802 1253 peecata
864 1163 972 1228 mundi
1055 1172 1085 1227 et
1113 1161 1320 1248 baptizantem
1346 1160 1379 1222 in
1417 1165 1474 1244 spu
1524 1163 1575 1223 sto
1612 1158 1754 1244 eoquod
1793 1157 1859 1244 ipse
1951 1159 1989 1222 sit
2061 1180 2154 1244 supra

224 1331 299 1381 allum
316 1331 328 1378 t
346 1317 376 1378 οἳ
391 1276 440 1378 sul
595 1322 623 1372 ot
681 1327 756 1370 tuam
863 1320 906 1369 lob
1010 1316 1122 1380 ’tegnum
1158 1313 1230 1365 'tata
1265 1313 1381 1376 tylgendo
1434 1325 1510 1362 ueren
1555 1311 1621 1360 ’tam
1641 1301 1709 1360 erint
1767 1325 1798 1359 an
1877 1322 1881 1331 ·
2033 1311 2138 1359 toladda

265 1429 372 1473 omnes
429 1385 434 1396 ⁵
495 1429 545 1468 111.
577 1401 627 1466 Ex
658 1401 777 1466 duobus
803 1397 953 1462 Iohannis
984 1394 1140 1482 discipulis
1173 1394 1226 1480 qui
1278 1393 1374 1456 secuti
1412 1398 1534 1456 merant
1596 1387 1671 1454 dn⁶⁴m
1748 1412 1826 1453 unus
1855 1389 2000 1454 Andreas
2027 1389 2156 1453 adduxit

250 1546 338 1596 breden
398 1543 438 1592 bia
481 1541 545 1590 ae’ts
580 1545 665 1602 petrus
691 1539 753 1586 trem
788 1535 854 1585 bam
890 1547 941 1583 ures
954 1531 1089 1595 geuemned
1301 1542 1336 1578 aec
1354 1529 1408 1578 ’ton
1448 1541 1498 1576 aaa
1515 1527 1630 1589 geeoiged
1675 1528 1749 1574 bearn
1808 1526 1884 1586 godes
1927 1527 2047 1588 gebennas
2094 1526 2156 1575 sebe

224 1627 350 1688 tratrem
372 1641 461 1684 suum
484 1619 536 1704 qui
562 1616 672 1681 Petrus
705 1614 744 1678 ab
785 1613 852 1700 ipso
893 1621 1087 1699 nuncupatus
1108 1609 1271 1696 Philippus
1292 1629 1416 1694 quoque
1478 1616 1606 1672 uocatus
1655 1615 1768 1669 natana
1816 1603 1879 1668 heli
1926 1603 2042 1668 indicat
2102 1605 2155 1689 qui
2197 1605 2217 1667 5

225 1771 287 1808 sona
322 1757 409 1806 hatath
444 1753 537 1804 o’trum
571 1752 606 1801 ’te
623 1751 672 1800 llea
707 1749 783 1810 godes
818 1763 885 1798 sunu
918 1749 966 1799 ms
982 1748 1123 1810 goondetad
1237 1749 1264 1794 iu
1305 1745 1371 1794 'tam
1389 1746 1474 1792 formu
1509 1741 1628 1818 §uetat
1664 1741 1793 1802 ymbcerde
1811 1742 1822 1788 l
1841 1741 1942 1802 gerarde
1996 1743 2023 1788 in
2084 1743 2133 1790 wia

226 1857 300 1899 mox
322 1835 403 1898 inter
440 1842 541 1896 cetera
587 1851 658 1894 eum
726 1818 762 1892 di
799 1829 897 1892 filium
939 1828 1109 1893 confitetur.
1147 1850 1209 1890 1111.
1231 1825 1270 1888 In
1333 1821 1435 1886 nubtis
1512 1843 1624 1908 aquam
1722 1819 1873 1883 conuertit
1998 1821 2029 1882 in
2051 1819 2157 1883 uinum

228 1970 323 2031 mitty
358 1982 408 2016 uas
425 1967 535 2016 uuerden
571 1965 670 2015 cubitos
687 1964 776 2026 gestae
826 1962 878 2040 pte
935 1963 983 2014 'tar
1016 1962 1111 2012 hasselt
1155 1973 1205 2009 uns
1278 1958 1382 2019 gebaten
1456 1958 1501 2006 ula
1559 1956 1676 2005 nsd’tart
1711 1960 1748 2004 ate
1781 1954 1833 2030 *pte
1851 1963 1961 2018 gascyrta
1994 1955 2063 2005 bara
2079 1957 2157 2004 {arma

249 2071 310 2132 quo
413 2045 493 2108 laeto
577 2043 773 2128 cognescitur
814 2043 898 2129 quod
933 2043 986 2106 ubi
1026 2041 1093 2127 ipse
1134 2038 1226 2103 luerit
1257 2037 1402 2101 inuitatus
1424 2037 1531 2101 uiuum
1559 2057 1683 2099 necesse
1713 2034 1751 2098 sit
1801 2033 1932 2099 deficere
1971 2035 2155 2098 nubtiarum.

278 2182 374 2244 mlt'ty
391 2179 533 2243 geneollotle
582 2185 661 2228 eastre
740 2179 847 2228 ludeana
904 2191 981 2239 auarp
1015 2175 1051 2226 ’ta
1069 2174 1209 2238 sapendol
1242 2176 1271 2222 ot
1309 2173 1401 2234 templo
1444 2169 1460 2228 Ἰ
1504 2170 1570 2220 'tam
1587 2171 1757 2219 trasendumt
1794 2171 1887 2218 buatl
1938 2173 2017 2220 bacon
2060 2171 2159 2232 gesalda

229 2287 257 2326 v.
289 2260 521 2348 Propinquante
557 2257 672 2344 paseha
692 2256 880 2320 Iudaeorum
908 2255 978 2319 eicit
1026 2254 1195 2320 uendentes
1245 2273 1263 2317 e
1294 2251 1410 2337 templo
1439 2259 1470 2313 et
1502 2248 1763 2336 interrogantibus
1793 2248 1878 2335 quod
1910 2249 2032 2334 signum
2062 2251 2149 2314 daret

229 2406 254 2447 to
272 2397 405 2446 undoauna
438 2395 534 2458 tempul
548 2392 592 2455 Ρ)
619 2391 635 2453 Ἰ
663 2407 707 2442 um
734 2392 777 2443 'tri
790 2393 906 2454 mmgum
941 2403 1089 2442 waccennea
1125 2391 1233 2438 elaumn
1251 2387 1262 2436 t
1279 2388 1355 2449 godes
1374 2385 1499 2448 dagalaiso
1540 2385 1624 2435 astet
1751 2384 1817 2435 ’tem
1837 2385 1920 2446 ’tegna
1956 2386 2036 2434 bitulh
2061 2387 2159 2446 meulgo

259 2475 401 2540 soluendi
431 2474 582 2560 templum
609 2481 641 2538 et
665 2472 697 2535 in
770 2471 872 2535 triduo
943 2469 1096 2536 excitandi
1218 2465 1387 2531 misterium
1542 2464 1637 2552 ponit.
1680 2487 1723 2527 vr.
1744 2463 1916 2528 Nicodcmo
1956 2464 2036 2528 inter
2063 2465 2159 2528 multa

229 2611 313 2662 most
346 2613 408 2660 buta
425 2612 461 2658 sta
486 2608 656 2658 attaeasnnad
681 2610 709 2656 ln
778 2605 814 2656 rte
883 2606 959 2669 gadas
985 2607 1108 2667 ingenuas
1152 2617 1184 2654 ns
1237 2616 1313 2663 maga
1369 2603 1381 2650 t
1450 2601 1502 2677 ¹1510
1569 2613 1601 2650 ns
1660 2593 1780 2661 'sbdoema
1832 2602 1864 2649 ah
1916 2598 2016 2662 genade
2042 2613 2160 2662 maome

229 2691 303 2756 dicit
374 2688 432 2754 nisi
506 2697 630 2752 renatus
678 2685 710 2750 iu
730 2706 863 2772 regnum
904 2673 939 2750 di
984 2685 1099 2750 intrare
1132 2705 1196 2748 non
1226 2702 1316 2768 posse
1347 2680 1398 2746 uel
1430 2679 1514 2765 quod
1546 2701 1609 2744 non
1644 2679 1781 2744 iudicare
1809 2678 1864 2744 sed
1891 2681 2012 2745 saluere
2041 2681 2160 2746 uenerit
2183 2683 2221 2744 lt)

254 2825 325 2888 milk
410 2823 426 2883 ζΙ
488 2821 613 2898 paoem
630 2823 755 2872 asdoauad
800 2821 873 2871 cua’t
907 2835 982 2871 noers
1018 2820 1090 2870 assa
1125 2823 1151 2868 tn
1186 2818 1249 2880 goda
1285 2830 1344 2902 aren
1380 2816 1510 2878 gerardus
1773 2820 1799 2865 in
1827 2816 1892 2866 bem
1910 2825 1980 2866 stoue
2016 2819 2136 2866 lulaands

229 2905 347 2969 mundi]
400 2913 431 2969 et
533 2901 721 2966 manifestari
795 2900 867 2964 dicit
898 2921 1086 2988 operaque
1122 2900 1155 2962 iu
1195 2896 1237 2962 do
1306 2906 1334 2959 st
1397 2895 1484 2960 facte.
1536 2917 1593 2960 vn.
1607 2894 1742 2960 Iohanni
1769 2897 1801 2960 in
1839 2897 1954 2960 Aenon
1995 2897 2159 2982 baptizanti

231 3041 254 3087 ia
271 3038 414 3100 gesuoadau
450 3039 519 3088 bona
539 3037 634 3086 halend
689 3038 790 3098 fulgura
869 3036 905 3086 ’ta
965 3038 1013 3086 llaa
1047 3035 1185 3098 brydguma
1225 3032 1277 3109 ‘pte
1296 3034 1332 3082 ale
1372 3031 1388 3090 1
1422 3031 1577 3093 gadoosenlic
1594 3033 1616 3079 ts
1641 3028 1694 3107 ’βο
1711 3045 1798 3093 ganea
1832 3032 1890 3080 bins
1925 3031 2022 3082 tustra
2072 3034 2156 3094 lyutga

272 3117 384 3182 dieitur
507 3116 572 3180 ihm
654 3115 810 3202 baptizare
840 3135 931 3200 quem
964 3115 1017 3181 ille
1049 3133 1196 3200 sponsum
1256 3131 1322 3176 esse
1364 3119 1394 3174 et
1445 3118 1588 3198 oportere
1650 3130 1788 3176 crescere
1846 3132 1881 3176 se
1921 3120 2022 3176 autem
2063 3111 2161 3176 minui

247 3253 320 3314 aas
337 3255 386 3304 llca
468 3254 512 3302 uta
588 3248 604 3311 {l
641 3263 675 3302 ou
693 3254 737 3300 ula
791 3251 843 3300 allu
886 3263 949 3298 vers
984 3263 1018 3300 ac
1033 3255 1060 3298 to
1077 3250 1206 3310 solamne
1239 3251 1266 3298 tn
1299 3247 1358 3296 blus
1391 3245 1443 3321 pte
1463 3245 1540 3294 harda
1592 3245 1624 3294 lit
1742 3244 1783 3294 tce
1871 3248 1923 3296 oter
1959 3247 2165 3310 ’toneungalaal-

231 3333 381 3419 illumque
401 3331 562 3398 desursum
584 3341 616 3396 et
642 3353 735 3416 supra
756 3349 863 3394 omnes
884 3349 950 3394 esse
973 3327 1211 3410 credentemque
1232 3325 1264 3390 in
1291 3347 1363 3390 eum
1414 3325 1530 3390 babere
1560 3324 1656 3388 uitam
1676 3333 1832 3390 aeternam
1853 3346 1948 3412 super
1968 3326 2161 3392 incredulum

230 3470 293 3520 lulla
330 3472 377 3518 uut
411 3467 520 3517 ure't’tto
566 3469 657 3528 geonta
699 3464 830 3528 gatryme't
847 3467 859 3514 t
874 3464 1012 3526 gatastna’t
1195 3467 1227 3510 at
1301 3461 1380 3510 naalls
1415 3461 1512 3510 tacebas
1548 3460 1615 3508 'tam
1631 3462 1682 3510 ulte
1726 3461 1911 3510 samaritanisea
1970 3475 2026 3510 arna
2043 3461 2157 3514 adeaued

313 3568 387 3612 uero
429 3548 506 3609 iram
547 3565 674 3611 manere
777 3543 946 3610 confirmat.
1062 3565 1132 3606 vm.
1154 3541 1250 3628 Apud
1271 3549 1396 3628 puteum
1417 3537 1512 3605 Iacob
1553 3539 1674 3604 mulieri
1701 3536 1929 3628 samaritan[a]e
1953 3542 2161 3608 manifestatus

232 3680 289 3729 mi't
299 3680 400 3738 menica
425 3680 525 3742 deglum
534 3678 599 3742 mnu
642 3693 718 3742 aproee
775 3676 791 3738 Ἰ
827 3680 927 3742 menige
947 3678 1314 3729 tuscaneciuuiscanalioda
1349 3676 1447 3737 gelata’t
1482 3689 1515 3724 on
1543 3675 1600 3724 hina
1626 3675 1771 3725 cuoadendo
1798 3674 1841 3725 tn
1876 3678 1899 3724 is
1934 3677 2030 3726 so’tlice
2059 3679 2163 3728 haelend

252 3756 385 3844 plurimo
448 3757 578 3842 mystice
619 3756 755 3842 loquitur
775 3769 806 3824 et
831 3759 919 3822 multi
1003 3758 1270 3826 Samaritanorum
1333 3755 1463 3822 credunt
1481 3755 1513 3819 in
1535 3777 1607 3820 eum
1634 3755 1768 3820 dicentes
1789 3754 1840 3818 hie
1861 3765 1906 3818 est
1937 3777 2010 3822 uere
2029 3758 2164 3823 saluator
2185 3761 2223 3824 15

232 3892 437 3954 mlddangeardes
574 3892 715 3953 regluordes
784 3906 849 3942 sunu
918 3908 972 3944 sum
991 3894 1057 3944 o'tsr
1089 3894 1263 3956 untryminnde
1290 3893 1477 3942 endusardneas
1503 3885 1571 3972 dripi
1594 3893 1673 3941 stema
1701 3891 1877 3952 gabasledbi't
1905 3893 2064 3942 annotandos
2094 3897 2163 3945 leder

273 3970 390 4036 mundi.
476 3993 559 4035 vnn.
580 3969 695 4056 Reguli
739 3969 897 4036 cuiusdam
949 3971 1030 4036 lilius
1094 3981 1258 4057 aegrotans
1307 3970 1440 4034 absentis
1501 3970 1555 4034 dni
1592 3991 1669 4035 uoce
1720 3981 1847 4036 sanatur
1920 3971 2047 4038 ch'centis
2083 3977 2162 4059 patri

249 4108 287 4155 bis
337 4121 383 4168 gea
432 4119 497 4156 sunu
559 4105 606 4155 bin
642 4104 723 4155 llota't
758 4107 853 4167 galclde
891 4108 924 4158 te
942 4109 989 4157 flea
1022 4106 1039 4167 Ἰ
1102 4109 1147 4157 hus
1217 4107 1256 4156 bis
1307 4109 1339 4156 all
1482 4121 1575 4156 menno
1630 4103 1861 4166 eahtnjerittain
1888 4110 1972 4156 uintra
2024 4111 2140 4158 habenda

233 4185 296 4250 eius
318 4185 397 4252 uude
416 4183 498 4250 filius
540 4194 610 4250 tuus
639 4184 715 4248 uiuit
734 4184 865 4249 credidit
906 4185 972 4274 ipse
1014 4198 1044 4252 et
1064 4185 1174 4250 domus
1196 4187 1260 4250 eius
1281 4193 1354 4250 tota.
1387 4209 1417 4250 x.
1436 4184 1605 4251 Hominem
1642 4185 1846 4252 ·XXXUIII·
1878 4209 1975 4251 annos
1997 4189 2162 4255 habentem

231 4323 258 4370 ln
293 4325 460 4384 untrymnlsse
494 4323 534 4371 hia
569 4321 665 4383 musy
683 4322 792 4383 gacuosd
833 4323 883 4372 aris
935 4323 988 4372 nim
1100 4325 1157 4372 bera
1262 4323 1325 4372 arna
1367 4319 1383 4380 Ἰ
1448 4334 1529 4383 georg
1579 4325 1607 4370 ln
1641 4322 1785 4383 sunnedocg
1820 4323 1911 4374 haele't
1947 4327 2075 4387 ernegelic
2109 4327 2166 4376 bine

231 4401 262 4464 in
285 4401 460 4465 infirmitate
481 4422 537 4465 sua
619 4400 749 4465 dicendo
809 4421 903 4486 surge
927 4401 1003 4465 tollo
1038 4404 1215 4489 grabtatum
1249 4413 1337 4466 tuum
1365 4411 1396 4466 et
1423 4400 1548 4465 ambula
1575 4401 1609 4463 in
1646 4399 1774 4464 sabbato
1823 4413 1910 4465 curat
1930 4405 2089 4490 aequalem
2125 4427 2158 4471 se

264 4536 291 4612 13
344 4552 395 4586 una
438 4539 534 4587 desuda
570 4539 633 4600 gods
778 4534 804 4612 ᾖ
858 4550 922 4584 sunu
958 4539 1046 4586 sualua
1082 4539 1152 4587 luder
1213 4537 1317 4586 auoshta
1404 4536 1483 4586 deado
1546 4541 1581 4587 sta
1651 4541 1746 4600 gelicho
1855 4543 1968 4605 arnyrtn
2038 4546 2063 4592 in
2102 4547 2166 4596 barm

230 4617 314 4703 quod
336 4625 403 4681 erat
421 4616 538 4682 faciens
570 4615 619 4682 de.
662 4639 707 4680 xr.
729 4613 823 4694 Quod
844 4616 925 4680 filius
956 4617 1035 4680 sicut
1068 4626 1157 4703 pater
1188 4617 1337 4682 suscitans
1376 4627 1513 4682 mortuos
1545 4616 1584 4681 sit
1615 4621 1784 4708 aequaliter
1810 4622 2011 4690 honorandus
2031 4624 2064 4688 in
2102 4649 2163 4712 quo

254 4754 370 4817 gelardun
439 4743 555 4804 ollaora't
617 4758 646 4804 ot
691 4753 774 4804 doato
815 4760 841 4802 to
915 4755 958 4802 lita
1016 4750 1161 4814 tor-ymande
1214 4767 1248 4801 ac
1266 4752 1320 4802 ’ton
1388 4752 1515 4815 scnsaegn
1572 4753 1617 4804 'tio
1635 4754 1674 4806 tid
1710 4758 1780 4807 ’tona
1814 4763 1842 4808 ot
1901 4762 2026 4822 byrgaunn
2100 4761 2164 4822 godo

229 4832 389 4898 eredentes
423 4841 581 4897 transeant
612 4831 650 4897 de
682 4843 782 4898 morte
813 4832 853 4897 ad
885 4832 980 4896 uitam
1013 4843 1174 4898 uenturam
1206 4853 1330 4920 quoque
1358 4833 1537 4919 prenuntiat
1573 4835 1683 4899 horam
1712 4859 1774 4924 quo
1803 4837 1841 4904 de
1863 4838 2069 4905 monumentis
2091 4839 2164 4902 beni
2186 4841 2227 4906 20

229 4983 263 5018 ao
280 4969 316 5019 'ta
334 4971 387 5031 ysso
423 4970 459 5018 att
475 4968 562 5018 arisat
733 4958 757 5016 l'e
836 4970 942 5031 sytriae
1012 4970 1050 5020 his
1143 4971 1185 5018 ioh
1306 4969 1416 5020 buccllla
1486 4970 1575 5033 catgab
1626 4970 1975 5038 rectoraticum]
2019 4977 2141 5035 sauriette

239 5049 374 5134 malique
405 5057 581 5133 resurgunt.
623 5070 682 5112 κη.
704 5046 768 5112 Pro
796 5049 971 5113 testimonio
999 5071 1055 5113 suo
1077 5047 1251 5114 Iohannem
1277 5047 1435 5112 lucernam
1465 5050 1601 5136 appellat
1642 5063 1761 5137 patrem
1804 5075 1927 5139 quoque
1948 5063 1978 5118 et
1998 5053 2164 5117 scribturas
2179 5043 2234 5108 2!-

273 5193 294 5251 't
311 5199 445 5254 mercantur
461 5195 534 5241 hece:
568 5189 595 5266 ᾗ
614 5199 697 5241 uenas
715 5191 753 5239 ais
770 5205 860 5254 aganas
877 5195 985 5242 lichoma
1000 5199 1065 5242 areat

273 5343 296 5386 t.
316 5341 331 5386 l.
351 5339 533 5390 Nathanaalarn.
570 5344 593 5390 t.
611 5343 626 5390 L
644 5341 749 5404 nuptiis,
787 5343 852 5392 lul
878 5347 996 5392 renatum
1014 5355 1117 5404 acuens
1135 5341 1186 5392 ΜΒ.
1224 5347 1262 5392 lt.
1282 5344 1319 5394 od
1337 5343 1417 5394 aauad
1433 5343 1486 5394 als.
1522 5348 1561 5396 1s.
1580 5358 1660 5396 sunna
1678 5347 1742 5406 doeg
1760 5345 1810 5396 lis.
1828 5345 1905 5394 balad
1925 5345 1975 5396 MS.
