4966 6294
1159 415 1408 489 -64..

369 628 404 664 nu
456 615 485 663 οι
525 614 585 661 roda
625 611 677 686 ¹15ta
729 625 765 658 wa
781 614 844 672 gtste
896 609 912 668 Ἰ
998 611 1071 672 gilete
1147 609 1164 670 Ἰ
1204 611 1284 661 batia
1318 611 1375 661 mas
1410 613 1469 662 bine
1527 617 1607 665 abosn
1660 629 1745 666 vernn
1827 617 2001 667 harmevadun
2062 620 2114 668 him
2258 620 2274 682 Ἰ

344 713 428 756 nunc
449 691 488 756 de
509 712 600 754 cruce
637 699 672 754 ut
702 689 861 753 uideamus
890 697 921 752 et
941 689 1112 752 credamus.
1144 697 1174 750 et
1221 689 1274 773 qui
1311 711 1382 752 cum
1422 710 1459 754 eo
1491 692 1632 754 crucifixi
1659 702 1748 756 erant
1776 693 2024 757 conuitiabantur
2060 696 2099 759 ei.
2170 698 2221 762 33.
2244 699 2285 766 Et

345 826 443 889 giwarti
486 825 525 873 tid
567 824 612 874 'tio
628 829 695 872 aesta
746 821 849 871 blostrn
901 823 1015 870 awordne
1051 835 1135 892 aaran
1172 821 1234 871 berb
1286 824 1335 872 alle
1404 823 1487 875 aor'tu
1561 825 1600 876 οἱ
1662 842 1694 878 on
1754 829 1807 878 tide
1885 841 1964 878 nones
2127 824 2144 887 Ἰ
2181 844 2214 878 on
2232 833 2285 880 tide

354 905 436 968 facta
467 903 545 966 hora
585 908 672 964 sexta
722 898 869 962 tenebrae
907 899 1005 961 factae
1055 907 1128 962 sunt
1175 921 1231 986 per
1261 911 1358 965 totam
1388 912 1505 967 terram
1534 925 1631 990 usque
1665 908 1698 970 in
1727 907 1838 974 horam
1865 929 1991 972 nonam.
2046 907 2098 972 34
2119 906 2161 972 Et
2197 908 2275 971 hora

352 1053 431 1091 nones
481 1035 621 1099 gieliopada
665 1035 701 1084 'oe
718 1033 768 1082 bal
802 1035 883 1082 statne
918 1034 1016 1081 micelre
1052 1033 1191 1084 enatando
1758 1041 1812 1090 ’bret
1863 1043 1886 1090 ts
1990 1041 2116 1102 gltrabtad
2218 1042 2268 1102 god

347 1141 429 1184 nona
460 1114 644 1182 exclamauit
674 1113 762 1178 lesus
802 1132 880 1174 uoce
910 1133 1024 1196 magna
1067 1111 1172 1176 dicens
1214 1110 1286 1176 Eloi
1306 1111 1378 1175 Elei
1399 1111 1515 1176 lamma
1536 1115 1717 1179 sabacthani
1744 1117 1829 1200 quod
1857 1127 1904 1182 est
1934 1119 2169 1202 interpretatum
2198 1116 2285 1181 Deus

360 1255 413 1305 min
472 1252 523 1316 god
579 1252 632 1301 min
666 1247 747 1324 *plat
780 1257 806 1298 to
824 1248 898 1296 hvon
938 1259 993 1294 mea
1038 1247 1239 1310 autoritate)
1376 1243 1392 1306 Ἰ
1447 1260 1517 1295 sume
1575 1249 1603 1296 ot
1636 1246 1945 1311 tamymbstondaudum
1978 1248 2100 1309 gibarduu
2165 1249 2267 1298 credun

346 1355 433 1398 meus
455 1331 542 1396 Deus
563 1351 651 1394 meus
694 1337 727 1392 ut
796 1325 869 1412 quid
938 1344 989 1388 me
1030 1324 1242 1413 dereliquisti?
1284 1327 1334 1390 35.
1357 1325 1398 1390 Et
1419 1325 1544 1412 quidam
1565 1325 1606 1390 de
1653 1327 1919 1392 circumstantibus
1961 1327 2120 1391 audientes
2142 1326 2287 1392 dicebant

347 1470 428 1518 baono
466 1467 545 1517 belias
595 1479 667 1526 ceges
837 1463 908 1522 giam
971 1461 1069 1510 untudl
1122 1477 1154 1512 an
1213 1461 1229 1524 Ἰ
1284 1464 1378 1525 gitylde
1480 1476 1544 1525 capp
1623 1461 1681 1512 mlii
1699 1462 1781 1510 arcade
1873 1463 1996 1524 ymbsetta
2090 1460 2107 1523 Ἰ
2180 1469 2207 1512 to
2225 1464 2286 1513 roda

304 1551 418 1614 becco
450 1547 553 1611 Eliam
583 1554 683 1610 uocat.
725 1543 774 1606 36.
798 1539 937 1607 Currens
967 1551 1071 1606 autom
1100 1563 1180 1606 unus
1213 1550 1244 1607 et
1273 1542 1406 1629 implens
1438 1541 1603 1628 spongiam
1664 1549 1751 1606 aceto
1824 1541 2123 1627 circumponensque
2165 1542 2284 1610 calamo

346 1683 383 1734 ’ta
399 1685 487 1733 drinca
520 1681 589 1731 salde
623 1681 675 1729 him
708 1679 844 1728 euellenda
878 1679 968 1728 biddas
1001 1677 1054 1755 'pta
1072 1693 1107 1728 wa
1126 1679 1187 1740 gisia
1221 1679 1260 1738 ιιι
1297 1690 1380 1738 cymas
1422 1675 1501 1725 bellas
1535 1681 1562 1725 to
1605 1681 1746 1726 unaoeanua
1763 1676 1775 1724 ι
1792 1680 1818 1726 ιο
1836 1677 1952 1726 undosus
2001 1676 2060 1726 hine
2188 1677 2223 1729 ’ds
2236 1680 2286 1729 bat

355 1772 464 1851 potum
506 1761 599 1826 dabat
635 1759 663 1823 ei
723 1757 828 1822 dicens
876 1757 966 1824 sinite
1015 1758 1175 1823 uideamus
1224 1757 1250 1820 si
1290 1756 1394 1820 ueniat
1419 1754 1505 1820 Elias
1525 1754 1566 1818 ad
1670 1754 1890 1842 deponendum
1989 1777 2070 1821 eum.
2112 1757 2164 1822 37.
2196 1757 2283 1822 Iesus

345 1915 482 1964 vutudliee
525 1913 600 1962 sanda
643 1911 722 1960 stetne
766 1911 839 1960 micla
884 1913 913 1960 οι
926 1915 995 1972 gasts
1013 1912 1077 1971 agat
1227 1905 1244 1968 Ἰ
1290 1907 1402 1968 wagbral
1439 1907 1545 1969 temples
1587 1911 1615 1955 to
1632 1907 1727 1956 mnded
1767 1921 1823 1957 aras
1869 1909 1897 1956 in
1938 1913 1985 1958 tun
2024 1911 2089 1959 from
2127 1911 2284 1960 menardum

362 2003 466 2060 autem
506 1993 615 2059 emissa
642 2012 719 2055 uoce
745 2012 861 2076 magna
903 1989 1063 2075 expirauit.
1134 1989 1185 2052 38.
1218 1986 1260 2051 Et
1299 1987 1403 2051 uelum
1441 1985 1549 2072 templi
1597 1987 1727 2051 scissum
1774 1998 1820 2052 est
1868 1988 1902 2050 in
1932 1988 1995 2053 duo
2046 2011 2066 2053 a
2141 2011 2262 2056 summo

346 2132 400 2181 vit
418 2137 444 2181 to
480 2129 672 2179 clottawordum
815 2127 890 2188 gisala
939 2126 1026 2176 tonna
1064 2125 1099 2176 ’oa
1117 2123 1244 2172 aldormen
1278 2121 1342 2172 sabe
1377 2123 1448 2170 toron
1489 2134 1593 2182 ongagn
1627 2123 1720 2173 stodun
1756 2123 1835 2174 ’tetta
1875 2137 1925 2172 aava
1965 2124 2080 2186 eliopade
2140 2125 2249 2187 ςιιιιοιιι

346 2231 442 2296 usque
500 2208 654 2273 deorsum.
719 2206 770 2270 39.
792 2205 912 2272 Uidens
933 2214 1036 2269 autem
1086 2202 1224 2268 centurio
1286 2201 1339 2286 qui
1391 2221 1430 2267 ex
1472 2200 1604 2267 aduerso
1626 2203 1727 2267 stabat
1759 2203 1831 2289 quia
1876 2203 1921 2267 sic
1949 2202 2086 2267 clamans
2114 2205 2285 2291 expirasset

345 2345 423 2396 awe't
457 2343 542 2394 sc'tlia
584 2356 645 2390 mon
690 2313 746 2392 'tara¹
777 2356 844 2390 sunu
878 2343 954 2404 godes
990 2354 1045 2388 aas
1165 2352 1248 2386 weron
1283 2314 1382 2386 untddt
1410 2349 1445 2384 aa
1478 2333 1603 2395 ltauit
1678 2340 1756 2388 faama
1832 2339 1969 2390 bihaolduu
2003 2341 2090 2390 bitwib
2125 2341 2193 2393 bam
2228 2357 2283 2392 na

348 2425 404 2488 ait
462 2444 536 2488 uere
569 2422 663 2486 homo
692 2421 743 2486 bic
770 2420 852 2485 filius
884 2419 945 2485 Dei
977 2427 1052 2482 erat.
1094 2419 1145 2484 40.
1166 2417 1266 2482 Erant
1284 2427 1386 2481 autem
1414 2425 1445 2480 et
1464 2415 1609 2482 mulieres
1631 2417 1671 2483 de
1691 2417 1787 2505 longe
1806 2419 1988 2506 aspicientes
2007 2419 2088 2486 inter
2119 2444 2195 2507 quas
2217 2432 2284 2486 erat

694 2554 710 2617 Ἰ
986 2555 1123 2604 baalam
1156 2549 1172 2612 Ἰ
1351 2553 1438 2602 moder
1481 2549 1497 2612 Ἰ
1797 2551 1813 2614 Ἰ
1850 2555 1948 2618 mrsoy
1981 2569 2038 2604 was
2080 2556 2108 2607 ιιι
2167 2555 2249 2617 galila

285 2641 325 2704 10
345 2639 445 2704 Maria
471 2635 659 2723 Magdalene
686 2645 717 2700 et
736 2632 834 2698 Maria
852 2632 960 2698 Iacobi
991 2633 1118 2697 minoris
1150 2642 1181 2696 et
1205 2631 1321 2719 Ioseph
1345 2642 1445 2698 mater
1473 2640 1504 2696 et
1531 2629 1668 2699 Salome.
1710 2635 1761 2698 41.
1784 2633 1827 2699 Et
1864 2657 1935 2700 cum
1969 2643 2049 2699 esset
2077 2634 2109 2698 in
2140 2633 2284 2701 Galilaea

395 2773 512 2836 tyligdun
598 2773 650 2820 him
701 2769 717 2832 Ἰ
791 2769 928 2830 begaadun
986 2767 1038 2816 him
1071 2765 1088 2826 Ἰ
1131 2768 1197 2818 οιιιο
1245 2769 1345 2830 menige
1380 2767 1461 2820 baba
1496 2771 1587 2822 some’t
1622 2770 1680 2820 mit
1714 2770 1774 2821 bine
1855 2771 1954 2832 astigou
2081 2771 2230 2820 hierusalem

346 2853 555 2939 sequebantur
590 2874 662 2917 eum
694 2861 725 2915 et
755 2849 971 2912 ministrabant
1000 2847 1029 2911 ei
1066 2855 1097 2910 et
1127 2847 1207 2912 aliae
1237 2848 1353 2913 multae
1384 2870 1464 2935 quae
1495 2851 1587 2915 simul
1621 2871 1692 2914 eum
1731 2870 1768 2914 eo
1806 2850 2009 2914 ascenderant
2043 2848 2281 2936 lerosolymam.

432 2986 449 3049 Ἰ
485 2986 583 3049 mtt'by
617 2987 643 3049 gi
685 2987 754 3035 elam
787 2999 843 3034 was
878 2984 1003 3046 gluorden
1029 2981 1123 3032 sarton
1152 2997 1208 3033 aas
1411 2985 1488 3062 Ἕω
1540 2991 1563 3037 ιι
1597 2990 1650 3036 fore
1683 2999 1781 3036 sunnan
1794 2987 1850 3047 dag
1992 2999 2048 3036 com
2216 2989 2281 3038 {rom

347 3069 397 3132 42.
418 3067 460 3132 Et
497 3089 567 3131 cum
598 3066 659 3129 iam
685 3086 754 3129 sero
775 3072 854 3129 esset
879 3063 994 3126 sactum
1036 3061 1108 3147 quia
1144 3072 1210 3128 erat
1229 3085 1395 3150 parasceue
1416 3067 1501 3152 quod
1521 3076 1568 3132 est
1587 3076 1659 3131 ante
1683 3066 1846 3131 sabbatum
1899 3065 1949 3131 43.
1971 3068 2057 3132 uenit
2079 3065 2196 3154 Ioseph
2227 3069 2268 3132 ab

575 3202 696 3250 walboran
868 3198 962 3249 fortan
996 3198 1012 3261 Ἰ
1064 3200 1094 3250 he
1138 3215 1194 3250 was
1253 3201 1380 3266 bidtende
1478 3203 1528 3253 rica
1588 3202 1665 3265 godae
1699 3199 1716 3262 Ἰ
1779 3201 1903 3277 ιιιιῙΙιιιλ
1944 3201 2034 3252 insede
2090 3209 2117 3250 to
2169 3203 2254 3266 pylato

345 3285 545 3352 Arimathaea
575 3282 686 3346 nobilis
715 3281 840 3345 decurio
889 3280 942 3367 qui
986 3289 1016 3347 et
1042 3281 1107 3368 ipse
1136 3291 1203 3345 erat
1236 3290 1401 3368 expectans
1437 3302 1570 3370 regnum
1598 3282 1660 3347 Dei
1693 3293 1724 3346 et
1750 3281 1897 3347 audacter
1922 3282 2061 3346 introiuit
2084 3281 2124 3346 ad
2144 3281 2280 3347 Pilatum

349 3419 366 3482 Ἰ
419 3420 477 3470 bed
527 3420 635 3468 lieboma
670 3418 724 3468 ’tes
741 3417 791 3465 bal
1074 3417 1162 3467 tonna
1203 3417 1364 3478 givundrade
1402 3419 1442 3480 gil
1457 3415 1488 3466 he
1606 3417 1713 3480 gillarda
1763 3417 1800 3477 Ἰ,
1818 3419 1876 3469 mas
1894 3419 1987 3481 gdotad
2006 3433 2061 3469 urea
2096 3417 2132 3468 'oe
2149 3421 2280 3469 centurion

345 3511 376 3567 et
406 3500 492 3588 petiit
521 3519 633 3585 eorpus
682 3496 764 3561 Iesu.
843 3497 894 3563 44.
925 3498 1042 3564 Pilatus
1068 3507 1172 3563 autem
1198 3497 1369 3561 mirabatur
1441 3496 1468 3561 si
1509 3496 1571 3559 iam
1599 3496 1732 3561 obiisset
1755 3507 1786 3562 et
1868 3499 2015 3563 accersito
2100 3499 2280 3563 centurione

271 3697 280 3711 ι
401 3637 503 3696 ςιιιιεςιι
587 3633 645 3682 hlna
679 3632 718 3694 git
750 3631 801 3681 sot
875 3631 940 3681 deod
992 3646 1053 3681 arere
1070 3635 1083 3682 ι
1101 3649 1129 3684 aa
1267 3630 1283 3693 Ἰ
1320 3632 1417 3695 mitty
1485 3636 1568 3692 angat
1644 3633 1708 3683 trom
1742 3633 1812 3683 'tem
1828 3634 1896 3682 aldre
1957 3635 2032 3683 selda
2085 3633 2154 3685 bone
2171 3635 2281 3684 lichena

284 3715 324 3780 15
344 3713 548 3800 interrogauit
579 3733 650 3776 eum
681 3711 707 3774 si
741 3713 802 3775 iam
833 3719 971 3775 mortuus
1014 3721 1102 3777 esset.
1175 3712 1226 3778 45.
1256 3711 1298 3775 Et
1331 3733 1403 3776 cum
1437 3710 1634 3798 cognouissct
1673 3735 1692 3776 a
1729 3712 1909 3794 centurione
1935 3711 2063 3777 donauit
2126 3735 2239 3800 corpus

726 3864 824 3912 uutudt
880 3864 967 3912 brahta
1086 3865 1125 3914 lin
1209 3861 1225 3923 Ἰ
1295 3863 1385 3926 otdyda
1436 3864 1495 3913 hina
1529 3863 1631 3912 bivand
1647 3865 1673 3912 in
1741 3865 1792 3913 line
1858 3861 1874 3924 Ἰ
1919 3869 1982 3914 setta
2033 3863 2091 3914 bina
2126 3867 2153 3914 ιιι
2195 3869 2255 3927 byr-

343 3943 468 4031 Ioseph.
510 3941 822 4028 46.10scphautem
841 3951 993 4009 mercatus
1013 3943 1176 4010 sindonem
1196 3953 1227 4010 et
1248 3943 1405 4030 deponens
1426 3964 1497 4007 eum
1533 3941 1666 4008 inuoluit
1696 3942 1828 4008 sindone
1849 3953 1879 4008 et
1898 3943 2001 4030 posuit
2026 3964 2097 4007 eum
2119 3943 2151 4007 in
2171 3965 2281 4010 monn-

349 4110 430 4160 genna
491 4095 544 4145 ’bet
586 4108 642 4144 was
682 4095 810 4156 giheom
851 4099 879 4144 οι
916 4099 986 4145 stane
1026 4090 1042 4153 Ἰ
1102 4097 1195 4146 spelte
1244 4096 1314 4146 tone
1333 4101 1389 4145 stau
1429 4101 1456 4144 to
1504 4094 1559 4146 'tar
1577 4095 1638 4146 dura
1684 4095 1739 4146 ’orer
1757 4097 1881 4158 byrgenue
2179 4096 2259 4161 bione

341 4187 445 4243 mento
472 4176 556 4262 quod
582 4184 648 4241 erat
675 4176 812 4242 excisum
843 4174 882 4240 de
908 4187 996 4265 petra
1021 4185 1052 4242 et
1077 4175 1217 4243 aduoluit
1247 4175 1383 4263 lapidem
1414 4175 1455 4239 ad
1514 4175 1627 4240 ostium
1679 4174 1880 4240 mouumenti.
1955 4172 2006 4236 47.
2038 4171 2138 4237 Maria
2177 4184 2280 4240 autem

343 4329 390 4381 ’610
408 4329 604 4392 mastalonem
644 4329 660 4388 Ἰ
719 4335 720 4338 ’
832 4329 948 4392 iosapbas
999 4327 1136 4378 bihaolduu
1189 4328 1256 4378 hwer
1289 4340 1351 4375 wera
1368 4327 1465 4387 gisetad

375 4409 564 4496 Magdalene
636 4419 667 4472 et
699 4408 799 4473 Maria
830 4408 947 4496 Ioseph
977 4406 1166 4495 aspiciebant
1196 4405 1248 4470 ubi
1289 4416 1466 4492 poneretur.

743 4558 759 4620 Ἰ
796 4561 892 4624 mibby
951 4561 1040 4621 giaode
1100 4573 1182 4608 sunna
1200 4560 1254 4619 dag
1401 4556 1448 4608 ’oio
1464 4557 1657 4618 magtaleneaea
1692 4556 1708 4619 Ἰ
1992 4557 2008 4620 Ἰ
2216 4559 2279 4610 bot-

470 4637 547 4725 Cap.
569 4637 661 4702 XVI.
682 4642 710 4705 l.
732 4639 773 4704 Et
804 4663 875 4704 cum
913 4640 1072 4703 transisset
1091 4638 1252 4703 sabbatum
1273 4635 1372 4701 Maria
1443 4635 1630 4724 Magdalene
1685 4648 1716 4702 et
1736 4636 1836 4702 Maria
1856 4637 1964 4703 Iacobi
1985 4646 2016 4702 et
2043 4635 2171 4704 Salome
2197 4659 2277 4704 eme

351 4797 397 4840 tun
450 4787 617 4851 saumas
656 4787 708 4866 15te
743 4791 962 4853 comateymcnde
1005 4791 1157 4851 gismtredun
1198 4790 1256 4840 hine
1375 4788 1392 4851 Ἰ
1429 4789 1510 4840 sullis
1552 4789 1626 4838 atltae
1669 4803 1701 4838 aa
1751 4789 1814 4840 ’tara
1831 4789 1928 4852 dagans
1978 4803 2070 4839 comnn
2109 4797 2137 4839 to
2195 4790 2249 4840 'ber

282 4872 324 4936 20
343 4879 416 4936 runt
466 4879 606 4933 aromata
666 4878 701 4932 ut
783 4871 940 4936 uenientes
1000 4879 1154 4956 ungerent
1188 4891 1269 4934 eum.
1311 4871 1339 4933 2.
1361 4869 1403 4934 Et
1423 4870 1516 4934 ualde
1536 4889 1628 4933 mane
1647 4889 1710 4932 nna
1733 4867 1932 4934 sabbatorum
1953 4867 2082 4934 ueniunt
2101 4870 2141 4934 ad
2168 4891 2279 4934 monu-

350 5025 475 5085 byrgsnna
510 5020 678 5071 wasmlsend
778 5035 857 5070 suune
964 5019 981 5082 Ἰ
1017 5021 1121 5071 ewedun
1171 5021 1224 5069 him
1280 5022 1367 5070 bltrrtb
1425 5022 1481 5069 hwa
1532 5021 1625 5072 awelte
1699 5035 1729 5070 us
1799 5020 1936 5072 'bonestan
1970 5022 2035 5070 from
2078 5021 2141 5071 dura
2183 5022 2242 5082 byr-

345 5113 483 5166 mentum
552 5111 621 5167 orto
692 5099 754 5162 iam
775 5101 850 5165 sole.
893 5103 922 5164 3.
944 5099 986 5165 Et
1006 5100 1149 5165 dicebaut
1178 5099 1218 5163 ad
1256 5099 1391 5164 inuicem
1417 5099 1485 5186 quis
1511 5101 1651 5167 reuoluat
1677 5100 1766 5164 nobis
1807 5100 1942 5187 lapidem
1980 5100 2019 5163 ab
2063 5099 2141 5165 ostio
2167 5121 2277 5164 monu-

350 5265 428 5313 genua
563 5248 579 5311 Ἰ
631 5253 668 5300 ert
683 5251 808 5301 locoadun
865 5253 969 5312 giaegun
1022 5253 1056 5300 alt
1073 5251 1184 5301 uvalted
1218 5249 1289 5303 ’bons
1305 5257 1361 5301 stan
1396 5267 1451 5302 vars
1499 5252 1591 5303 touton
1652 5255 1726 5303 micel
1781 5215 1864 5304 cirita
1983 5251 2000 5314 Ἰ
2072 5251 2182 5303 insodun
2247 5255 2276 5302 ιιι

279 5331 282 5338 ’
342 5328 459 5394 menti?
500 5331 530 5394 4.
552 5328 593 5394 Et
620 5330 819 5417 respicientes
846 5329 990 5395 uiderunt
1015 5331 1190 5397 reuolutum
1218 5331 1361 5419 lapidem.
1393 5343 1460 5400 erat
1487 5331 1601 5418 quippe
1620 5353 1752 5418 magnus
1774 5332 1875 5399 ualde.
1920 5335 1950 5398 b.
1972 5332 2014 5397 Et
2034 5333 2221 5398 introeuntes
2242 5332 2276 5396 in
