4966 6294
1613 205 1758 296 (liam
1781 202 2075 314 immania.

1031 441 1278 514 ..55..

158 645 262 688 waetrne
297 639 451 700 virgeorum
553 638 626 689 ’δι’ὁο
660 644 687 688 to
705 637 880 699 gtnaollcadnn
924 637 975 685 turn
1032 637 1171 698 gt’tnrscun
1225 635 1241 697 Ἰ
1295 637 1431 687 lorleortnn
1507 637 1590 686 idalne
1727 636 1743 696 Ἰ
1782 639 1843 686 aiter
1861 650 1923 687 sona
1956 637 2033 686 sande
2068 643 2094 685 to

157 719 259 782 fruetu
313 718 432 782 uineae.
503 718 532 780 3.
553 716 617 795 Qui
659 716 888 803 apprehensum
916 736 987 780 eum
1016 716 1193 782 oeciderunt
1220 727 1251 782 et
1271 717 1454 781 dimiserunt
1482 737 1625 780 uacuum.
1668 717 1698 780 4.
1719 715 1760 780 Et
1802 717 1913 780 iterum
1953 715 2035 780 misit
2054 715 2094 778 ad

166 852 218 900 him
252 853 347 903 eterna
399 867 457 903 esne
517 851 533 912 Ἰ
572 853 641 903 tone
677 865 709 902 on
744 853 837 902 hsotnd
897 852 1067 912 gtwundadun
1127 850 1144 912 Ἰ
1190 853 1248 903 rni’o
1264 857 1349 904 eoomu
1366 853 1461 902 mittun
1504 851 1681 913 toglworhtnn
1784 850 1800 911 Ἰ
1838 855 1970 902 ettersona
1998 853 2094 902 otonis

157 930 341 996 illocalium
363 953 489 996 seruum
510 931 649 996 etillum
677 931 711 994 in
739 931 839 1017 capita
859 930 1102 996 uulnerauerunt
1122 940 1153 996 et
1236 931 1428 998 contumeliis
1500 930 1679 996 affecerunt.
1721 932 1751 996 ὁ.
1773 929 1815 995 Et
1849 953 1971 994 rursum
1999 931 2094 994 alium

158 1065 233 1114 sanda
267 1063 332 1126 Ἰοο
366 1065 434 1116 ³etue
493 1066 608 1126 otalognn
666 1062 682 1124 Ἰ
719 1069 818 1129 menige
844 1067 909 1118 oltra
968 1081 1038 1117 sume
1115 1068 1256 1129 gi’tnrseun
1297 1069 1361 1118 o'trs
1416 1080 1444 1115 eo
1520 1068 1637 1130 olslogun
1749 1069 1785 1118 'oa
1802 1074 1855 1130 gott
1889 1069 1984 1118 lenton
2037 1081 2070 1116 en

158 1143 240 1208 misit
285 1155 316 1208 et
356 1144 446 1209 illum
464 1144 644 1210 oeciderunt
664 1155 695 1211 et
715 1144 820 1232 plures
841 1146 919 1212 alios
940 1146 1091 1233 quosdam
1112 1145 1274 1211 caedentes
1296 1145 1373 1210 alios
1393 1167 1471 1211 uoro
1490 1147 1673 1212 occidentes.
1702 1148 1731 1212 6.
1749 1147 1866 1212 Adhuc
1894 1167 1970 1232 ergo
1998 1167 2093 1210 unum

181 1280 260 1328 herde
313 1293 379 1330 annu
472 1282 554 1331 laotne
638 1279 654 1340 Ἰ
698 1283 757 1332 hlna
792 1283 868 1332 sende
903 1287 931 1332 te
966 1285 1018 1333 hun
1053 1291 1085 1334 ost
1103 1285 1167 1334 anda
1183 1285 1195 1332 t
1212 1285 1333 1333 letemsat
1373 1283 1510 1334 enatando
1546 1283 1640 1333 tor'ton
1674 1285 1721 1332 hia
1738 1286 1750 1331 t
1767 1298 1796 1345 ga
1815 1281 1972 1345 trepegadnn
2014 1281 2080 1330 snn'n

158 1359 277 1424 habens
297 1358 395 1424 filium
415 1359 606 1424 earisnmnm
628 1368 659 1424 et
677 1359 767 1424 illum
787 1360 870 1424 misit
889 1360 929 1425 ad
964 1383 1017 1428 eos
1099 1363 1301 1427 nouissimum
1385 1362 1490 1428 dicens
1554 1363 1626 1447 quia
1710 1361 1935 1425 reuerebuntur
1995 1359 2094 1424 filium
2176 1384 2180 1392 ·

176 1498 261 1546 rntnne
369 1495 404 1545 ’6ο
420 1497 517 1557 byends
551 1497 686 1547 vntndlloe
728 1497 833 1546 owadnn
884 1499 937 1546 hun
978 1499 1083 1548 bitwion
1127 1499 1170 1548 ’tls
1220 1500 1243 1547 is
1278 1499 1399 1548 erteword
1434 1513 1517 1560 cymas
1561 1505 1654 1548 nutum
1671 1511 1708 1546 we
1727 1499 1790 1547 elale
1833 1498 1890 1546 hine
1942 1494 1958 1555 Ἰ
2022 1508 2080 1544 uasa

159 1595 272 1639 meum.
316 1575 345 1638 7.
386 1574 499 1641 Coloni
561 1585 663 1641 autem
705 1576 852 1642 dixerunt
889 1577 930 1643 ad
960 1578 1092 1642 inuicem
1124 1577 1175 1641 hie
1206 1587 1252 1640 est
1289 1577 1388 1642 heres.
1426 1580 1527 1644 uenite
1589 1577 1765 1642 occidamus
1824 1598 1894 1641 eum
1929 1587 1960 1640 et
1990 1584 2096 1640 nostra
2136 1573 2157 1637 5

168 1713 215 1763 bi’e
250 1712 298 1762 'oio
315 1713 475 1762 erlewordnis
590 1712 606 1773 Ἰ
716 1715 827 1775 guthrun
938 1717 997 1764 hina
1034 1711 1187 1776 tontogun
1235 1711 1251 1773 Ἰ
1290 1718 1431 1778 .gtwurpun
1485 1717 1548 1765 butu
1584 1714 1653 1765 ’eene
1670 1713 1797 1774 wingeord
1891 1713 1961 1760 huet
1996 1713 2023 1760 ol
2041 1711 2095 1760 ’ὁοιι

160 1791 218 1856 erit
280 1791 445 1857 hereditas.
528 1793 558 1854 8.
579 1790 621 1855 Et
641 1791 905 1878 apprehendentes
932 1813 1003 1858 eum
1027 1792 1207 1857 occiderunt
1231 1801 1262 1855 et
1289 1792 1444 1856 eiecerunt
1469 1803 1558 1858 extra
1619 1795 1751 1858 uineam.
1834 1793 1863 1856 9.
1885 1790 1970 1869 Quid
2001 1811 2077 1875 argo

161 1925 332 1989 dydotdoe’t
398 1927 453 1975 drln
514 1927 667 1987 wingaordcs
703 1928 794 1990 eyme'o
827 1925 844 1986 Ἰ
883 1929 982 1978 sordeas
1018 1928 1055 1978 ’aa
1071 1928 1232 1978 londbuends
1267 1926 1283 1987 Ἰ
1321 1929 1393 1980 selc’e
1428 1929 1498 1980 ³tone
1515 1930 1641 1993 wingeanl
1677 1930 1770 1980 aorem
1898 1941 1930 1978 ne
1982 1927 2099 1988 giwrtmn

200 2006 292 2071 faciet
352 2005 495 2070 domim
523 2005 657 2071 uineae?
695 2007 798 2072 ueniet
821 2016 851 2070 et
881 2006 991 2093 perdet
1072 2005 1199 2072 colonos
1262 2017 1293 2072 et
1313 2007 1397 2072 dabit
1480 2010 1603 2073 uineam
1685 2007 1763 2070 aliis.
1808 2007 1856 2070 10.
1878 2004 1946 2071 Nec
1967 2006 2095 2091 scriptu·

271 2142 320 2192 ’dae
353 2140 487 2191 llornadnn
507 2155 537 2202 ga
570 2139 622 2216 *pto
640 2149 695 2190 stan
731 2142 818 2192 eorus
902 2146 1041 2193 olarooman
1119 2143 1290 2204 gittmtradun
1326 2143 1369 2194 ’ets
1404 2147 1530 2206 giwordan
1566 2159 1621 2194 nea
1656 2159 1688 2194 on
1724 2145 1814 2194 tootnd
1856 2144 1929 2192 huon
2056 2143 2093 2190 tro

160 2245 227 2286 ram
249 2222 329 2286 hano
378 2221 495 2308 legistis
564 2221 698 2308 lapidem
727 2243 820 2307 quem
841 2223 1086 2310 reprobauerunt
1106 2221 1301 2287 aedificantes
1323 2222 1374 2286 hio
1416 2224 1515 2288 laettrs
1567 2235 1613 2290 est
1648 2225 1679 2287 in
1721 2233 1813 2310 eaput
1832 2222 1962 2309 anguli?
1991 2224 2086 2284 ll.a

195 2358 251 2408 ortt
313 2357 428 2407 awordan
463 2371 519 2406 wes
563 2357 608 2407 'tta
657 2355 673 2416 Ἰ
710 2361 733 2406 ts
768 2359 903 2409 wunderllo
938 2372 970 2407 on
1006 2371 1078 2420 egum
1136 2371 1210 2405 usum
1347 2356 1362 2416 Ἰ
1445 2361 1536 2411 sohtun
1607 2364 1666 2411 ttae
1701 2359 1861 2410 tohaldanna
1887 2357 1903 2417 Ἰ
1939 2358 2098 2409 ondrsordun

161 2437 287 2503 domino
314 2435 429 2500 factum
468 2446 514 2502 est
544 2436 625 2501 istud
647 2445 677 2501 et
697 2447 745 2502 ost
770 2438 913 2503 mirabile
939 2439 972 2500 in
994 2437 1089 2502 oculis
1110 2437 1232 2500 nostris.
1266 2438 1315 2499 12.
1331 2437 1372 2501 Et
1392 2440 1582 2522 quaerebant
1603 2459 1673 2504 eum
1732 2450 1837 2504 tenere
1879 2449 1909 2502 et
1928 2437 2097 2500 timuerunt

162 2575 230 2624 'tono
248 2573 323 2623 ³treet
408 2579 518 2635 ongetnn
596 2575 653 2623 hlns
711 2573 806 2624 tortior
857 2581 883 2623 to
925 2574 976 2622 hlm
1047 2573 1127 2636 blspel
1215 2573 1264 2622 'eas
1307 2575 1337 2622 he
1355 2574 1459 2635 moveo
1494 2571 1510 2633 Ἰ
1550 2575 1647 2637 ml'o'ty
1664 2577 1800 2624 torlaortnn
1847 2574 1904 2624 lilne
1959 2573 2068 2636 meudun

174 2654 306 2718 turbem.
347 2663 563 2738 cognouerunt
582 2653 665 2718 enim
685 2652 831 2738 quoniam
853 2651 893 2716 ad
922 2673 975 2716 eos
994 2651 1174 2737 parabolam
1195 2652 1276 2716 hano
1328 2651 1450 2717 dixerit.
1492 2663 1523 2718 et
1619 2655 1726 2720 relicto
1858 2673 1895 2716 ao
1944 2653 2094 2717 abierunt
2121 2652 2159 2716 10

246 2787 262 2848 Ἰ
317 2789 416 2838 sendnn
467 2796 494 2838 to
537 2790 590 2838 him
666 2802 737 2836 eume
806 2790 869 2837 trorn
910 2789 1034 2836 aramum
1091 2786 1106 2846 Ἰ
1143 2789 1248 2838 herodes
1268 2790 1354 2849 ’degan
1388 2789 1439 2864 ῇιο
1484 2790 1542 2838 hine
1577 2791 1698 2850 gtuomun
1716 2791 1728 2838 t
1745 2791 1859 2852 giteldnn
1896 2803 1929 2837 on
1988 2788 2099 2838 wordum

163 2871 211 2932 13.
233 2868 274 2932 Et
305 2867 430 2930 mittunt
460 2867 501 2930 ad
532 2889 603 2931 eum
633 2866 784 2951 quosdam
816 2887 854 2930 ex
887 2867 1055 2952 pharisaeis
1085 2877 1115 2930 et
1156 2867 1344 2932 Herodianis
1401 2877 1436 2930 ut
1474 2889 1545 2931 eum
1652 2879 1796 2954 caperent
1892 2871 1926 2931 in
1990 2869 2095 2934 uerbo.

239 3001 312 3052 ’δι’δι
372 3013 463 3050 οοιιιοιι
515 3000 618 3050 οιιοᾱιιιι
654 3004 706 3052 1ι1ιιι
762 3003 838 3050 laren
891 3016 927 3049 wa
945 3009 1030 3050 wutnn
1066 3003 1145 3052 'tatto
1180 3003 1286 3053 soelaest
1321 3001 1405 3060 talete)
1444 2999 1459 3058 Ἰ
1514 3015 1545 3052 ne
1580 3009 1700 3062 gernesttu
1737 3006 1802 3066 osnig
1815 3005 2002 3054 altentatem
2058 3017 2090 3052 ne
2142 3013 2143 3017 ’

164 3081 212 3142 14.
242 3077 306 3158 Qui
334 3080 491 3144 uenientes
511 3078 617 3144 dicunt
666 3082 695 3146 ei
726 3079 874 3164 magister
905 3081 1017 3144 seimus
1070 3083 1143 3167 quia
1184 3103 1280 3146 uerax
1325 3104 1357 3147 es
1439 3092 1471 3146 et
1498 3102 1562 3144 non
1594 3104 1684 3146 curas
1771 3103 1956 3169 quemquam
2039 3104 2097 3148 nec
2134 3141 2137 3148 .

162 3216 257 3265 tortian
298 3215 336 3266 ’tn
355 3217 427 3278 giam
466 3230 498 3264 on
533 3217 637 3264 onsiono
707 3229 811 3265 monnes
877 3217 908 3265 ah
951 3221 977 3265 tn
1020 3217 1194 3268 waramum
1237 3231 1333 3280 neeges
1368 3219 1444 3280 goden
1486 3221 1554 3266 laerea
1589 3221 1611 3268 is
1628 3220 1719 3281 gilatsd
1754 3222 1926 3270 torcellanus
1995 3221 2064 3281 galal

163 3297 245 3360 enim
323 3294 410 3360 uides
469 3295 501 3357 in
535 3294 645 3358 faciem
678 3294 837 3358 hominum
867 3294 923 3358 sed
954 3297 985 3357 in
1052 3296 1178 3359 ueritate
1248 3297 1330 3360 uiam
1377 3297 1436 3361 Dei
1466 3297 1568 3362 dones.
1620 3299 1691 3362 lieet
1798 3300 1864 3364 dari
1948 3300 2097 3364 tributum

163 3431 230 3482 ’διοιιι
246 3445 328 3481 casare
368 3432 380 3480 t
428 3443 462 3480 no
511 3444 548 3478 ιιι
566 3430 639 3479 sallas
776 3431 841 3482 seeo
874 3432 944 3480 wirte
979 3433 1186 3493 geswtoporntasa
1237 3432 1309 3481 litora
1360 3432 1437 3482 cwae’e
1472 3439 1499 3482 to
1518 3434 1570 3484 him
1611 3435 1681 3482 hwat
1720 3447 1774 3483 meo
1814 3435 1949 3497 gtoosttgas
1984 3437 2089 3496 branges

183 3510 309 3576 Caesari
351 3531 392 3574 an
411 3529 475 3573 non
497 3509 661 3574 dabimus?
704 3511 753 3575 15.
776 3508 840 3589 Qui
860 3511 959 3576 sciens
1000 3509 1168 3574 uersutiam
1209 3511 1336 3576 illorum
1377 3511 1420 3575 ait
1493 3512 1553 3576 illis
1606 3512 1681 3597 quid
1722 3534 1774 3576 me
1806 3513 1952 3577 tentatis?
1989 3515 2097 3578 afferte

180 3659 219 3694 nte
287 3649 380 3709 paning
435 3645 488 3721 “15oe
521 3646 601 3698 ewa’o
618 3654 644 3696 to
661 3645 714 3696 him
731 3647 755 3696 ic
772 3649 838 3708 gasts
950 3644 1001 3696 ιοδ
1035 3645 1082 3693 hia
1122 3647 1253 3706 gihrohtnn
1295 3649 1347 3697 tim
1382 3645 1398 3707 Ἰ
1436 3651 1514 3700 cwa’e
1549 3649 1639 3698 tantm
1680 3650 1749 3698 nutet
1785 3651 1862 3700 ls’ott
1897 3652 2001 3713 giltanes
2036 3653 2085 3702 'oar

163 3725 239 3789 mihi
260 3723 420 3788 denarium
450 3733 486 3788 ut
608 3724 740 3789 uideam.
887 3724 935 3789 16.
955 3726 1002 3789 At
1042 3724 1088 3788 illi
1107 3726 1275 3791 attulerunt
1308 3728 1345 3792 oi.
1380 3739 1411 3793 ot
1452 3731 1494 3793 ait
1564 3728 1624 3792 illis
1666 3729 1753 3793 cuius
1796 3741 1842 3793 ast
1894 3731 2158 3818 imagohaee15

172 3878 188 3938 Ἰ
225 3879 413 3927 tn-tonmeroa
447 3875 550 3924 owedan
585 3877 638 3924 hlrn
673 3874 726 3925 ’ou
745 3887 839 3924 οιιοιιι
968 3879 1129 3938 giondworde
1174 3879 1272 3928 wntndl
1306 3880 1401 3930 ³&tirel
1436 3880 1514 3930 arreti
1555 3880 1607 3933 tlnr
1641 3883 1727 3946 geldas
1770 3883 1862 3934 tor’oon
1898 3884 1980 3933 ’διὀο
2005 3885 2098 3932 sindnn

164 3968 195 4021 et
230 3955 411 4044 inscriptio?
452 3955 557 4020 dieunt
601 3956 630 4018 ei
682 3953 833 4020 Caesaris.
877 3956 926 4019 17.
946 3953 1152 4041 Respondent
1172 3967 1276 4021 autem
1314 3958 1401 4024 lesus
1432 3961 1510 4025 dixit
1542 3961 1604 4024 illis
1626 3960 1745 4026 reddite
1764 3962 1860 4047 igitur
1897 3982 1976 4045 quae
2017 3974 2089 4026 sunt

187 4125 282 4160 cataras
337 4108 403 4159 ’enm
420 4120 502 4158 casare
536 4104 552 4165 Ἰ
590 4105 672 4158 esta
706 4119 768 4156 aran
802 4107 879 4169 godes
913 4108 979 4168 godo
1022 4105 1038 4166 Ἰ
1092 4109 1248 4159 wandradnn
1316 4114 1370 4160 otor
1420 4115 1479 4163 hine
1630 4113 1646 4174 Ἰ
1709 4127 1798 4164 oomon
1864 4123 1890 4164 to
1943 4115 1996 4164 him

165 4188 307 4254 Caesaris
355 4187 481 4254 Caesari
529 4198 560 4252 et
591 4184 671 4272 quae
701 4196 773 4251 sunt
808 4187 869 4252 Dei
905 4187 985 4252 Deo.
1017 4199 1048 4252 ot
1078 4189 1271 4253 mirabantur
1301 4211 1394 4278 super
1431 4213 1478 4257 eo.
1546 4194 1594 4256 18.
1615 4191 1656 4256 Et
1676 4203 1829 4257 uenerunt
1855 4193 1894 4256 ad
1927 4214 1999 4257 eum
2020 4191 2097 4260 Sad-

303 4339 375 4392 da’ea
409 4339 523 4390 οιιοιδιι
644 4343 710 4390 erlat
841 4354 873 4389 ne
907 4339 1021 4403 ιιιιοἸ
1113 4345 1222 4403 trugnun
1309 4345 1367 4393 ttae
1402 4344 1453 4394 'one
1471 4345 1608 4395 euellenda
1709 4347 1734 4395 la
1751 4348 1826 4395 larow
1885 4359 1982 4408 moyses
2044 4361 2074 4395 us

164 4419 272 4484 ducaei
311 4419 364 4504 qui
411 4418 518 4482 dieunt
545 4419 800 4484 resurrectionem
821 4440 885 4483 non
906 4441 973 4485 esse
995 4431 1025 4484 et
1045 4421 1280 4506 interrogabant
1300 4444 1371 4486 eum
1441 4424 1576 4488 dieentes
1627 4427 1675 4490 19.
1695 4425 1843 4512 magister
1860 4425 1988 4511 Moyses
2009 4424 2097 4490 nobis

186 4579 262 4622 aurat
363 4573 401 4631 gu
432 4571 509 4620 horale
543 4571 638 4622 bro'ear
706 4572 772 4620 deod
850 4576 887 4620 sle
1007 4575 1109 4624 torletes
1163 4574 1216 4623 ’tet
1233 4576 1278 4622 wit
1316 4572 1332 4635 Ἰ
1370 4589 1433 4624 suno
1485 4589 1517 4624 ne
1605 4578 1665 4627 letas
1738 4577 1790 4653 *pte
1808 4579 1882 4627 ontoe
1916 4577 2009 4627 bro'oer
2052 4579 2091 4626 hia

164 4651 286 4738 scripsit
306 4660 340 4714 ut
366 4651 392 4714 si
431 4651 517 4716 cuius
544 4651 640 4732 frater
660 4660 801 4715 mortuus
822 4649 915 4715 fixerit
935 4661 967 4715 et
987 4651 1136 4717 dimiserit
1154 4673 1285 4717 uxorem
1308 4665 1338 4718 et
1363 4654 1443 4718 filios
1470 4677 1534 4720 non
1554 4655 1714 4740 reliquerit
1740 4657 1869 4744 accipiat
1908 4656 2005 4722 frater
2032 4657 2097 4720 eius

204 4807 253 4854 late
320 4802 374 4853 ’oses
392 4803 441 4853 iloa
475 4800 490 4863 Ἰ
527 4806 563 4853 att
580 4804 694 4853 awaaoa’t
746 4803 790 4852 aad
851 4803 945 4852 bro'oer
984 4803 1024 4852 hle
1186 4807 1283 4854 siolune
1318 4806 1411 4856 tot'eon
1453 4806 1547 4856 bro'oer
1582 4821 1664 4856 vernn
1699 4806 1715 4867 Ἰ
1754 4807 1788 4857 ’ee
1804 4810 1958 4860 roeramom
1998 4811 2090 4870 onlong

56 4975 62 4985 ι
164 4903 294 4948 uxorem
332 4882 426 4968 ipsius
464 4892 495 4946 et
529 4881 688 4948 resuscitet
713 4903 817 4947 semen
853 4882 941 4946 tratri
973 4903 1038 4946 suo.
1096 4882 1145 4946 20.
1175 4882 1301 4970 Septem
1330 4906 1406 4971 ergo
1445 4885 1555 4950 iratres
1577 4896 1665 4951 erant
1691 4897 1722 4952 et
1800 4889 1917 4973 primus
1980 4888 2098 4973 accepit
2118 4887 2159 4952 20

183 5036 236 5085 ’tet
252 5033 344 5110 wit]
408 5033 472 5082 dead
525 5047 579 5083 tres
632 5035 773 5085 nnicrletno
866 5036 909 5083 aad
1090 5034 1105 5095 Ἰ
1151 5036 1185 5086 ’os
1203 5039 1297 5086 attam
1337 5040 1428 5098 enfang
1463 5038 1500 5087 'oa
1519 5040 1567 5087 tlon
1601 5036 1616 5096 Ἰ
1689 5038 1754 5087 deod
1815 5053 1869 5088 tras
1972 5052 2003 5087 ns

165 5135 295 5180 uxorem
316 5125 347 5179 et
367 5123 507 5178 mortuus
528 5123 574 5178 est
604 5134 668 5176 non
694 5112 800 5178 relicto
829 5113 954 5176 semine.
1005 5115 1055 5177 21.
1078 5112 1121 5177 Et
1149 5116 1300 5180 secundus
1328 5119 1445 5205 accepit
1484 5139 1552 5182 eam
1595 5129 1625 5182 et
1653 5129 1794 5184 mortuus
1823 5130 1868 5182 est
1896 5129 1927 5181 et
1957 5138 2014 5182 nee
2039 5119 2096 5183 iste

172 5266 274 5315 torleort
317 5264 371 5314 dat
388 5264 433 5313 red
467 5261 483 5323 Ἰ
522 5265 558 5315 ’ts
575 5263 654 5314 ’eirda
709 5265 782 5326 giltas
963 5263 979 5322 Ἰ
1053 5267 1143 5328 enseug
1213 5267 1248 5317 'ea
1265 5269 1314 5316 ilca
1364 5269 1437 5329 gilioe
1499 5269 1644 5319 tentarunt
1678 5267 1694 5329 Ἰ
1731 5283 1763 5317 na
1797 5269 2099 5320 torleortuntnelntdun

92 5378 97 5388 ·
165 5344 289 5431 reliquit
319 5363 424 5418 semen
457 5354 488 5409 et
530 5345 637 5409 tertius
679 5343 825 5407 similiter.
868 5343 918 5408 22.
940 5342 982 5407 Et
1001 5357 1184 5430 acceperunt
1224 5368 1292 5410 eam
1323 5348 1464 5412 similiter
1504 5357 1622 5432 septem
1664 5359 1694 5414 et
1715 5369 1777 5411 non
1844 5348 2036 5435 reliquerunt
2110 5335 2173 5403 Μ
