4966 6294
1225 361 1473 435 ..48-

409 559 532 619 toginom
568 559 600 608 be
618 558 666 605 hei
727 556 783 619 peti
855 554 870 614 J
949 547 1019 606 iacob
1088 555 1104 617 J
1192 559 1234 607 ioh
1325 557 1341 617 J
1379 558 1458 606 ledda
1505 558 1547 606 hie
1601 569 1632 607 ou
1708 570 1764 605 mor
1870 557 1949 606 hehno
2022 558 2172 619 syndrigne
2208 559 2303 608 himins
2334 560 2345 620 J

411 638 539 702 assumit
572 637 660 701 Iesus
696 636 822 700 Petrum
852 644 882 700 et
908 634 1058 699 Iacobum
1082 645 1112 700 et
1139 635 1289 702 Ioannem
1317 648 1347 703 et
1380 637 1463 704 ducit
1497 636 1568 700 illos
1602 636 1635 699 in
1667 645 1804 701 montem
1836 637 1990 700 exselsum
2023 657 2178 701 seorsum
2216 638 2294 702 solos
2322 652 2347 705 et

443 775 496 823 otor
513 774 610 822 hiowrd
663 787 717 821 ares
752 773 832 821 bitom
858 772 1009 822 bamihim
1093 771 1108 832 J
1190 775 1286 836 giwedo
1362 775 1401 822 his
1429 773 1555 834 giwordne
1581 785 1666 821 norun
1728 772 1845 822 soiuends
1982 773 2091 822 linenda
2151 773 2236 823 oniba
2271 776 2345 825 swelce

409 852 643 938 transfiguratus
665 862 711 916 est
738 873 843 914 eoram
884 851 966 937 ipsis.
1023 850 1409 918 {insusurrantem
1458 853 1539 916 facta
1585 860 1657 915 sunt
1691 850 1885 938 splendentia
1910 861 1941 916 ei
1967 851 2108 915 candida
2145 851 2240 916 nimis
2273 854 2346 917 uelut

409 1003 478 1037 suan
521 1004 570 1038 swa
614 983 749 1054 [n]e[n]tut
803 989 855 1036 oter
916 985 997 1037 eorda
1057 1001 1089 1036 ne
1131 1003 1195 1051 meg
1213 991 1234 1038 is
1298 990 1375 1038 hwite
1448 989 1522 1050 gidus
1666 986 1682 1047 J
1728 987 1844 1037 ateowds
1879 986 1947 1037 hum
1981 988 2062 1036 helias
2102 986 2166 1038 mi’6
2203 989 2342 1050 moysen]

419 1065 472 1129 nix
501 1066 602 1153 qualia
648 1066 727 1130 fullo
775 1087 870 1153 super
896 1074 1011 1130 terram
1045 1089 1108 1131 non
1138 1079 1238 1155 potest
1272 1068 1405 1134 candida
1436 1068 1547 1131 facere.
1594 1069 1624 1130 4.
1654 1065 1696 1130 Et
1716 1067 1858 1153 apparuit
1881 1067 1942 1130 iliis
1978 1065 2067 1131 Elias
2092 1089 2170 1130 cum
2191 1067 2300 1152 Moyse
2322 1081 2345 1132 et

410 1217 494 1252 norun
527 1203 662 1267 sprecande
705 1203 761 1252 mi'h
797 1203 851 1251 boii
869 1202 918 1250 hei
1002 1201 1018 1262 J
1070 1206 1231 1254 ondsworads
1284 1206 1348 1269 petr’
1392 1203 1470 1253 cwae’i
1496 1202 1657 1252 tobaemhaei
1690 1202 1714 1251 la
1729 1203 1804 1252 larus
1867 1203 1917 1264 god
1978 1205 2000 1252 is
2036 1206 2084 1252 hor
2122 1217 2155 1252 us
2193 1211 2221 1253 to
2240 1219 2343 1253 nostum

410 1293 497 1347 erent
517 1283 678 1368 loquentes
700 1303 772 1344 cum
814 1279 895 1344 Iesu.
936 1283 967 1347 5.
987 1281 1028 1346 Et
1048 1283 1239 1370 respondens
1260 1283 1372 1347 Petrus
1414 1283 1456 1346 ait
1528 1281 1603 1347 Iesu
1692 1281 1794 1346 Rabbi
1828 1282 1946 1347 bonum
1968 1291 2014 1347 est
2032 1282 2089 1346 hic
2114 1305 2176 1346 nos
2250 1305 2310 1347 asse

409 1416 424 1478 J
468 1432 547 1480 wyree
566 1433 602 1466 we
639 1417 697 1468 bris
800 1417 846 1466 hus
948 1417 983 1466 ’6ο
1046 1432 1077 1467 an
1138 1416 1243 1479 Jmoyse
1294 1433 1326 1468 an
1387 1416 1403 1477 J
1441 1418 1513 1466 hetia
1579 1430 1612 1466 sn
1780 1430 1813 1466 ne
1854 1419 1948 1468 forban
1991 1419 2064 1468 vista
2113 1419 2191 1466 hwaet
2226 1419 2256 1466 he
2275 1421 2341 1468 cneii

367 1498 439 1561 bet
460 1497 608 1561 faciamus
636 1497 695 1560 tria
720 1496 918 1560 tabernacula
940 1497 995 1560 tibi
1017 1521 1114 1563 unum
1135 1497 1239 1583 Moysi
1261 1520 1356 1561 unum
1379 1508 1410 1563 et
1432 1496 1522 1560 Eliae
1548 1518 1653 1562 unum.
1696 1497 1726 1561 6.
1756 1497 1830 1562 Νοιι
1859 1500 1941 1563 enim
1969 1500 2090 1564 sciebat
2113 1498 2195 1585 quid
2231 1497 2339 1562 diceret

406 1648 489 1683 esron
522 1633 615 1683 turbon
643 1633 700 1682 mi't
717 1633 797 1694 iyrhto
827 1633 952 1694 giiyrhted
1072 1633 1224 1693 Jaworden
1243 1648 1298 1683 was
1316 1635 1410 1683 wolcen
1446 1637 1498 1682 oter
1515 1635 1613 1685 hredde
1652 1635 1698 1684 hia
1729 1633 1745 1696 J
1785 1649 1839 1684 com
1880 1638 1943 1684 stein
1979 1638 2007 1684 ot
2027 1637 2130 1685 wolone
2150 1634 2287 1684 evehenda
2304 1635 2338 1683 'tis

409 1725 497 1777 erant
527 1713 610 1777 enim
657 1712 766 1776 timore
819 1711 967 1776 exterriti.
1011 1713 1039 1775 7.
1062 1711 1103 1775 Et
1131 1713 1212 1776 facta
1253 1724 1299 1776 est
1319 1713 1416 1777 nubes
1437 1714 1625 1778 obumbrans
1647 1736 1701 1780 eos
1724 1724 1754 1778 et
1774 1713 1860 1779 uenit
1881 1735 1945 1777 uox
1974 1712 2012 1777 de
2041 1713 2133 1777 nube
2168 1714 2272 1777 dicens
2298 1712 2336 1774 hic

416 1853 438 1900 is
479 1863 547 1899 sunu
588 1850 640 1898 min
698 1849 883 1898 ieoiiieoihstn
920 1848 1026 1908 gihera’h
1063 1849 1120 1897 hine
1251 1848 1267 1908 J
1315 1864 1376 1898 aona
1463 1852 1519 1912 ymb
1538 1851 1658 1899 lorcadnn
1727 1851 1880 1911 nunigmon
1908 1849 2096 1910 tangitor’hor
2135 1851 2244 1910 gisegun
2273 1851 2335 1896 hntm

410 1942 455 1996 est
475 1931 555 1994 filius
579 1951 664 1993 meus
705 1927 878 1992 carissimus
924 1927 1027 1991 audite
1054 1927 1152 1991 illum.
1195 1929 1223 1991 7.
1245 1927 1287 1992 Et
1304 1930 1406 1993 statim
1427 1930 1704 2017 circumspicientes
1731 1930 1888 1994 neminem
1929 1929 2061 2015 amplius
2110 1928 2262 1992 uiderunt
2280 1927 2326 1989 nisi

412 2071 476 2119 ’ham
497 2068 545 2117 hai
604 2081 651 2115 ana
736 2063 793 2114 mi'h
944 2063 958 2123 J
1032 2063 1199 2124 ufstigendum
1264 2066 1328 2114 ham
1364 2069 1391 2116 oi
1406 2066 1473 2116 bem
1525 2079 1592 2115 mora
1644 2065 1736 2115 bibaod
1806 2064 1953 2114 ’tamisim
1989 2063 2069 2113 hano
2123 2066 2211 2125 naenig
2268 2061 2333 2112 ute

421 2149 526 2213 Iesum
562 2155 683 2210 tantum
710 2165 823 2207 secum.
875 2143 903 2207 9.
927 2141 968 2206 Et
988 2142 1244 2207 descendentibus
1272 2144 1332 2208 illis
1399 2145 1438 2209 de
1499 2155 1604 2210 monte
1630 2143 1785 2231 praecepit
1857 2142 1917 2206 illis
2008 2165 2048 2207 ne
2090 2144 2239 2228 cuiquam
2269 2162 2331 2226 quae

407 2281 667 2347 gisegnn’hagisihbe
701 2245 829 2341 gisagdun
869 2281 930 2328 buta
951 2278 1009 2326 mit
1025 2277 1062 2340 ’hy
1087 2293 1152 2328 nunu
1194 2295 1298 2329 mennas
1333 2283 1395 2330 irem
1431 2282 1512 2331 doabe
1588 2283 1623 2328 eit
1640 2279 1727 2329 arise’o
1907 2278 1923 2338 J
1959 2279 2011 2330 ’dat
2027 2281 2101 2330 word
2168 2279 2295 2342 giheoidun

471 2363 618 2427 uidissent
685 2370 848 2424 narrarent
874 2357 933 2420 nisi
970 2379 1040 2422 oum
1077 2358 1161 2421 silius
1190 2359 1322 2422 hominis
1361 2383 1380 2422 a
1410 2361 1539 2425 mortuis
1568 2358 1780 2423 resurrexerit
1825 2359 1873 2421 10.
1902 2356 1944 2421 Et
1965 2359 2102 2424 uerbum
2131 2359 2329 2424 continuerunt

420 2501 478 2549 mih
521 2500 573 2547 him
608 2499 664 2547 eins
683 2499 829 2558 giitrugnun
853 2497 923 2544 hnat
955 2495 993 2544 bit
1011 2509 1074 2544 arere
1102 2493 1160 2544 miii
1172 2494 1207 2556 ’hy
1232 2497 1296 2544 irem
1332 2495 1416 2546 decha
1528 2509 1580 2546 aras
1630 2551 1641 2566 .
1802 2493 1819 2552 J
1896 2495 2030 2555 gihugnuu
2119 2497 2180 2545 hine
2213 2491 2326 2543 evehente

347 2583 386 2645 10
409 2579 491 2666 apud
527 2599 559 2640 se
608 2575 824 2661 conquirentes
852 2574 925 2659 quid
978 2585 1056 2638 esset
1120 2596 1191 2638 cum
1250 2596 1269 2636 a
1315 2576 1443 2639 mortuis
1465 2575 1677 2640 resurrexerit.
1723 2575 1772 2638 11.
1792 2572 1834 2637 Et
1855 2573 2093 2659 interrogabant
2117 2597 2190 2640 cum
2212 2573 2325 2638 dicente

406 2717 477 2764 inat
500 2713 594 2763 rorem
612 2713 728 2762 oweohas
764 2713 880 2760 alarwas
921 2709 936 2770 J
970 2711 1079 2761 ubnntu
1104 2711 1199 2759 terdon
1234 2712 1313 2760 helias
1344 2713 1445 2761 risaniie
1479 2723 1505 2762 to
1523 2727 1644 2762 cumanus
1714 2713 1773 2760 erint
1935 2711 2006 2760 sebe
2053 2713 2223 2762 ondaworade
2263 2706 2323 2756 crat

409 2796 482 2882 quid
512 2815 586 2880 ergo
616 2792 721 2856 dicunt
747 2791 883 2878 pharisei
908 2801 939 2856 et
964 2791 1083 2855 scribae
1118 2790 1190 2876 quia
1217 2790 1320 2856 Elium
1342 2801 1463 2879 oportet
1516 2793 1621 2857 uenire
1660 2789 1820 2877 primum?
1865 2792 1914 2853 12.
1936 2789 1999 2869 Qui
2030 2791 2231 2878 respondens
2277 2786 2309 2848 tit

408 2939 433 2980 ιο
445 2932 497 2979 him
544 2933 605 2978 elias
641 2928 697 2978 mih
708 2928 745 2988 ’dy
777 2928 869 2988 cyme'd
922 2933 994 2977 erest
1029 2931 1063 2977 eit
1080 2928 1199 2989 giboeteb
1243 2930 1290 3004 alie
1349 2927 1366 2988 J
1407 2930 1458 2977 hun
1473 2929 1485 2977 t
1499 2942 1549 2976 swa
1597 2928 1699 2976 awriten
1767 2928 1790 2975 is
1831 2929 1858 2975 in
1899 2942 1964 2977 sunu
2023 2943 2132 2978 monum
2174 2927 2225 3002 ῇιο
2256 2925 2308 2972 iectu

427 3011 487 3074 illis
535 3009 620 3073 Elias
662 3029 732 3071 cum
770 3007 888 3072 uenerit
907 3007 1008 3094 primo
1050 3007 1187 3072 restituet
1222 3007 1326 3072 omnia
1347 3017 1378 3072 et
1398 3006 1554 3092 quomodo
1575 3007 1722 3092 scriptum
1750 3016 1796 3068 est
1822 3007 1854 3069 in
1883 3007 1982 3070 filium
2012 3007 2153 3071 hominis
2188 3017 2221 3070 ut
2248 3001 2319 3066 mule

421 3148 522 3208 grecias
563 3144 578 3206 J
615 3142 884 3207 gihanedigini'hrcd
902 3142 969 3192 me·
1082 3145 1111 3190 ah
1147 3145 1171 3190 ic
1188 3157 1252 3204 sugo
1297 3145 1345 3192 ion
1381 3142 1475 3192 forban
1570 3143 1647 3191 helias
1685 3143 1777 3204 cymae
1810 3141 1825 3202 Ἰ
1887 3143 1972 3205 dydon
2031 3144 2084 3192 him
2136 3159 2189 3193 swa
2208 3143 2316 3191 husim

405 3227 539 3316 patiatur
564 3235 594 3287 et
662 3232 884 3289 contemnatur.
985 3223 1033 3285 13.
1063 3219 1127 3286 Sed
1175 3223 1242 3286 dico
1280 3222 1368 3286 uobis
1397 3221 1470 3307 qnia
1504 3230 1534 3285 et
1566 3220 1652 3285 Elias
1692 3223 1776 3285 uenit
1807 3233 1837 3286 et
1868 3222 2007 3286 fecerunt
2044 3223 2091 3286 illi
2132 3235 2313 3308 quaecumque

401 3365 447 3412 him
467 3363 566 3410 uaiduu
602 3374 652 3408 sne
705 3361 804 3408 awriten
865 3361 886 3410 is
931 3362 958 3408 oi
983 3360 1034 3407 him
1163 3354 1178 3416 Ἰ
1252 3373 1306 3406 οοιιι
1367 3366 1394 3409 to
1440 3358 1553 3420 bognum
1622 3359 1661 3406 his
1704 3359 1777 3418 gisaeh
1824 3358 1924 3408 hreotm
1995 3361 2068 3408 micle
2142 3363 2203 3422 ymb
2237 3347 2305 3408 sui

403 3442 568 3505 uoluerunt
588 3440 666 3503 sicut
688 3439 836 3526 scriptum
858 3451 903 3503 est
925 3439 962 3502 do
988 3459 1034 3501 co.
1080 3438 1127 3500 14.
1149 3436 1191 3500 Et
1212 3438 1339 3502 ueniens
1359 3437 1398 3500 ad
1418 3435 1585 3523 discipulos
1609 3458 1681 3499 suos
1710 3437 1787 3500 uidit
1813 3439 1934 3501 turbam
1956 3460 2105 3526 magnam
2137 3439 2216 3503 circa
2238 3440 2313 3498 cosei

404 3577 514 3625 u’dwutu
585 3577 718 3636 giirugnun
801 3573 858 3622 mih
904 3574 955 3621 him
1110 3572 1126 3632 Ἰ
1198 3588 1259 3622 sona
1342 3575 1448 3634 eghweic
1465 3573 1477 3620 i
1496 3574 1543 3621 elle
1586 3571 1680 3648 §tolo
1765 3576 1839 3636 gisaeh
1910 3576 1968 3624 hine
2053 3577 2179 3636 gistylted
2235 3563 2310 3620 ves]
2409 3585 2410 3592 ¹

348 3655 522 3720 rescribas
552 3654 766 3738 conquirentes
797 3651 965 3716 cumillis.
1017 3651 1323 3716 lamecensem
1393 3652 1492 3716 omnis
1568 3653 1701 3739 populus
1752 3654 1860 3719 uidens
1887 3654 1993 3719 Iesum
2023 3657 2213 3742 stupefactus
2235 3656 2312 3713 estet

419 3807 577 3858 ondraordun
629 3803 645 3864 Ἰ
723 3817 804 3853 ornun
949 3811 1051 3863 groetun
1121 3805 1178 3852 hine
1330 3803 1346 3864 J
1419 3805 1522 3866 gitraegn
1615 3806 1662 3854 hiae
1688 3806 1759 3856 hwat
1784 3807 1870 3856 bitwih
1900 3809 1948 3856 ion
2009 3807 2137 3868 giiregnss
2295 3793 2306 3852 1

407 3894 599 3976 expauerunt
628 3896 658 3948 et
686 3893 880 3947 accurrentes
910 3882 1083 3947 salutabant
1111 3905 1189 3948 eum.
1241 3885 1289 3946 16.
1316 3882 1358 3947 Et
1384 3883 1588 3970 interrogauit
1613 3906 1665 3949 eos
1687 3884 1761 3971 quid
1789 3885 1869 3948 inter
1896 3907 1950 3948 uos
1970 3883 2179 3971 conquiritis?
2223 3880 2263 3942 li.
2285 3871 2313 3934 Et

442 4041 576 4091 ondworde
653 4052 683 4086 an
754 4039 781 4086 oi
816 4037 882 4087 hem
901 4035 990 4086 'drocis
1026 4036 1105 4086 cwm’h
1150 4039 1174 4086 ia
1192 4039 1265 4085 larva
1300 4045 1326 4086 to
1347 4038 1460 4098 gihrohte
1494 4051 1560 4086 sunu
1618 4039 1671 4086 miu
1730 4043 1756 4084 to
1799 4037 1832 4086 ’ha
1867 4037 2002 4087 haebheude
2097 4044 2152 4098 gast
2210 4030 2311 4080 uncinum

405 4119 596 4208 respondens
625 4139 703 4181 unus
737 4115 776 4180 de
849 4116 939 4180 turba
1010 4115 1089 4180 dixit
1119 4115 1268 4202 magister
1316 4115 1402 4180 attuli
1466 4117 1566 4180 filium
1595 4138 1699 4180 meum
1726 4117 1765 4181 ad
1794 4127 1825 4180 te
1852 4118 2017 4181 habentem
2038 4118 2179 4204 spiritum
2209 4118 2312 4174 mutum·

471 4271 542 4320 sebe
588 4283 638 4318 sna
655 4269 720 4317 hwer
765 4269 823 4316 hine
911 4269 1023 4330 gegripes
1116 4269 1146 4316 he
1165 4270 1230 4316 bites
1249 4267 1264 4327 J
1284 4267 1353 4316 slites
1396 4268 1456 4316 hine
1498 4267 1514 4328 Ἰ
1554 4269 1645 4318 iamo'o
1689 4265 1706 4328 Ἰ
1739 4269 1865 4330 gristbitos
1899 4269 1956 4319 mih
1975 4270 2066 4320 to'hum
2116 4269 2131 4329 J
2173 4275 2260 4326 serape!
2299 4251 2309 4310 1

406 4350 453 4412 18.
477 4347 540 4426 Qui
559 4349 735 4433 ubicunque
757 4369 827 4411 eum
847 4347 1086 4433 apprehenderit
1179 4349 1279 4412 allidit
1375 4347 1462 4412 illum
1490 4359 1520 4413 et
1539 4358 1662 4435 spumat
1682 4359 1712 4414 et
1743 4349 1851 4413 stridet
1909 4349 2053 4415 dentibus
2105 4361 2135 4414 et
2162 4342 2262 4410 arescit
2290 4341 2311 4396 ti

403 4500 481 4550 ewae'h
527 4499 637 4561 ’bagnum
674 4497 818 4574 ’binumffi
860 4499 906 4547 hie
925 4500 1026 4549 iordriie
1061 4501 1120 4549 hino
1160 4498 1175 4560 Ἰ
1229 4515 1260 4548 ue
1322 4501 1431 4549 mahtim
1587 4501 1648 4550 sebe
1701 4501 1835 4550 andworde
1895 4503 1946 4551 him
1987 4504 2065 4554 cneii
2093 4505 2118 4553 le
2137 4499 2251 4550 cneoriese
2272 4499 2307 4578 in·
2402 4527 2403 4548 t

410 4581 474 4645 dixi
501 4577 656 4664 discipulis
691 4579 751 4642 tuis
792 4588 826 4643 ut
868 4579 1012 4644 eiicerent
1048 4580 1137 4644 illum
1158 4589 1189 4644 et
1212 4603 1275 4644 non
1296 4590 1472 4666 potuerunt.
1518 4581 1564 4644 19.
1586 4579 1647 4659 Qui
1680 4580 1871 4668 respondens
1899 4582 1942 4644 eis
1982 4582 2060 4646 dixit
2103 4575 2251 4666 generatio
2275 4587 2308 4626 111·

401 4733 515 4796 giieoiiul
552 4731 588 4780 'ha
605 4730 684 4792 hwyle
725 4733 783 4781 mi’h
828 4735 877 4781 tow
910 4735 934 4782 ie
952 4735 1020 4782 biom
1072 4733 1107 4783 'ha
1121 4736 1193 4784 hwile
1247 4735 1296 4782 iow
1331 4735 1355 4784 io
1374 4734 1436 4785 hoio
1479 4736 1583 4796 treugas
1629 4736 1686 4782 hine
1727 4741 1753 4783 to
1790 4748 1829 4783 me
1966 4731 1981 4793 J
2035 4737 2168 4798 gibrohtun
2216 4711 2304 4774 hihi]

341 4813 382 4878 20
402 4812 530 4877 credule
551 4811 699 4897 quamdiu
727 4812 809 4898 apud
835 4834 890 4876 uos
939 4811 1017 4875 ero?
1067 4814 1212 4896 quamdiu
1234 4837 1290 4879 uos
1313 4813 1433 4900 patiar?
1475 4813 1583 4876 afferte
1610 4813 1699 4876 ilium
1720 4813 1759 4877 ad
1781 4836 1839 4878 me.
1884 4815 1934 4882 20.
1956 4813 1997 4877 Et
2018 4815 2182 4878 attulerunt
2208 4821 2267 4868 eum
2283 4801 2306 4855 ti
2401 4831 2402 4842 ι

401 4966 458 5016 mib
469 4966 506 5027 'hy
532 4965 637 5026 gissgun
673 4963 731 5011 hine
772 4975 833 5011 sono
888 4963 923 5012 ’6ο
941 4967 996 5021 gast
1060 4961 1188 5022 gidroetde
1263 4965 1320 5012 hine
1361 4963 1376 5025 J
1420 4964 1478 5014 mib
1492 4963 1530 5024 155
1541 4977 1595 5013 ποι
1607 4963 1706 5026 gihored
1747 4980 1778 5014 on
1822 4966 1903 5016 eor’tu
1945 4967 1975 5013 ha
1993 4967 2085 5026 giieold
2105 4965 2160 5012 hino
2196 4945 2296 5004 samarie

412 5067 483 5108 cum
518 5045 644 5108 uidisset
663 5062 736 5106 eum
756 5041 857 5104 statim
884 5041 1007 5129 spiritus
1029 5043 1223 5106 conturbauit
1244 5043 1331 5107 illum
1354 5053 1384 5106 et
1500 5041 1592 5107 elisus
1744 5045 1776 5109 in
1803 5053 1919 5112 terram
1949 5045 2143 5108 uolutabatur
2171 5043 2302 5122 spumant·

493 5193 509 5254 Ἰ
596 5197 714 5258 giiraegn.
808 5193 882 5241 rader
948 5195 986 5242 his
1045 5195 1077 5242 hu
1096 5194 1169 5254 longe
1266 5196 1304 5244 tid
1416 5199 1437 5244 is
1498 5199 1527 5244 oi
1577 5195 1630 5246 ’hon
1673 5197 1715 5246 his
1750 5197 1803 5247 him
1867 5199 1960 5260 giiemp
2027 5196 2078 5245 sos
2105 5194 2134 5241 ho
2165 5181 2233 5236 ΜΕ
2253 5178 2301 5223 f¹⁰¹¹²
2400 5244 2401 5262 χ

403 5274 454 5338 21.
483 5271 523 5337 Et
550 5274 751 5358 interrogauit
785 5281 904 5359 patrem
938 5273 1002 5335 eius
1032 5282 1180 5358 quantum
1219 5274 1365 5360 temporis
1400 5285 1446 5339 est
1483 5297 1523 5339 ex
1564 5297 1625 5359 quo
1668 5275 1727 5340 hoc
1767 5277 1795 5340 ci
1846 5275 1980 5340 accidit?
2034 5284 2066 5338 at
2097 5271 2147 5335 iiie
2180 5263 2217 5325 aii
2262 5248 2292 5313 11)
