<?xml version="1.0" encoding="UTF-8"?>
<!DOCTYPE html PUBLIC "-//W3C//DTD XHTML 1.0 Transitional//EN"
    "http://www.w3.org/TR/xhtml1/DTD/xhtml1-transitional.dtd">
<html xmlns="http://www.w3.org/1999/xhtml" xml:lang="en" lang="en">
 <head>
  <title>
</title>
<meta http-equiv="Content-Type" content="text/html;charset=utf-8" />
  <meta name='ocr-system' content='tesseract 3.04.00' />
  <meta name='ocr-capabilities' content='ocr_page ocr_carea ocr_par ocr_line ocrx_word'/>
</head>
<body>
  <div class='ocr_page' id='page_1' title='image "./screadungaanglo01boutgoog_0062.png"; bbox 0 0 4966 6294; ppageno 0'>
   <div class='ocr_carea' id='block_1_1' title="bbox 1588 192 2037 320">
    <p class='ocr_par' dir='ltr' id='par_1_1' title="bbox 1588 192 2037 320">
     <span class='ocr_line' id='line_1_1' title="bbox 1588 192 2037 320; baseline 0.011 -25"><span class='ocrx_word' id='word_1_1' title='bbox 1588 192 2037 320; x_wconf 50' lang='lat' dir='ltr'><strong>caemraci..</strong></span> 
     </span>
    </p>
   </div>
   <div class='ocr_carea' id='block_1_2' title="bbox 1049 439 1297 511">
    <p class='ocr_par' dir='ltr' id='par_1_2' title="bbox 1049 439 1297 511">
     <span class='ocr_line' id='line_1_2' title="bbox 1049 439 1297 511; baseline -0.004 -23"><span class='ocrx_word' id='word_1_2' title='bbox 1049 439 1297 511; x_wconf 72' lang='lat'><strong>-49-</strong></span> 
     </span>
    </p>
   </div>
   <div class='ocr_carea' id='block_1_3' title="bbox 179 633 2113 808">
    <p class='ocr_par' dir='ltr' id='par_1_3' title="bbox 179 633 2113 808">
     <span class='ocr_line' id='line_1_3' title="bbox 197 633 2100 712; baseline 0.001 -24"><span class='ocrx_word' id='word_1_3' title='bbox 197 639 311 688; x_wconf 80' lang='lat' dir='ltr'><strong>cildhads</strong></span> <span class='ocrx_word' id='word_1_4' title='bbox 429 635 444 695; x_wconf 90' lang='grc' dir='ltr'><strong><em>Ἰ</em></strong></span> <span class='ocrx_word' id='word_1_5' title='bbox 533 638 610 701; x_wconf 77' lang='lat' dir='ltr'><strong>symla</strong></span> <span class='ocrx_word' id='word_1_6' title='bbox 682 636 740 684; x_wconf 84' lang='lat' dir='ltr'><strong>hine</strong></span> <span class='ocrx_word' id='word_1_7' title='bbox 773 633 789 694; x_wconf 91' lang='grc' dir='ltr'><strong><em>Ἰ</em></strong></span> <span class='ocrx_word' id='word_1_8' title='bbox 818 635 845 683; x_wconf 86' lang='lat' dir='ltr'><strong>in</strong></span> <span class='ocrx_word' id='word_1_9' title='bbox 892 638 944 696; x_wconf 82' lang='lat' dir='ltr'><strong>tyrs</strong></span> <span class='ocrx_word' id='word_1_10' title='bbox 996 633 1013 694; x_wconf 90' lang='grc' dir='ltr'><strong><em>Ἰ</em></strong></span> <span class='ocrx_word' id='word_1_11' title='bbox 1042 649 1076 685; x_wconf 90' lang='lat' dir='ltr'><strong>on</strong></span> <span class='ocrx_word' id='word_1_12' title='bbox 1103 641 1193 684; x_wconf 79' lang='lat' dir='ltr'><strong>uattre</strong></span> <span class='ocrx_word' id='word_1_13' title='bbox 1219 637 1295 685; x_wconf 85' lang='lat' dir='ltr'><strong>sanda</strong></span> <span class='ocrx_word' id='word_1_14' title='bbox 1321 635 1348 712; x_wconf 75' lang='lat'><strong>¹15</strong></span> <span class='ocrx_word' id='word_1_15' title='bbox 1383 636 1441 685; x_wconf 84' lang='lat' dir='ltr'><strong>hine</strong></span> <span class='ocrx_word' id='word_1_16' title='bbox 1496 637 1581 687; x_wconf 79' lang='lat' dir='ltr'><strong>losada</strong></span> <span class='ocrx_word' id='word_1_17' title='bbox 1648 639 1678 687; x_wconf 87' lang='lat' dir='ltr'><strong>ah</strong></span> <span class='ocrx_word' id='word_1_18' title='bbox 1704 641 1743 701; x_wconf 71' lang='lat' dir='ltr'><strong>git</strong></span> <span class='ocrx_word' id='word_1_19' title='bbox 1764 641 1834 689; x_wconf 80' lang='lat' dir='ltr'><strong>hwaet</strong></span> <span class='ocrx_word' id='word_1_20' title='bbox 1860 639 1982 704; x_wconf 67' lang='lat' dir='ltr'><strong>homage</strong></span> <span class='ocrx_word' id='word_1_21' title='bbox 2015 643 2100 706; x_wconf 77' lang='lat' dir='ltr'><strong>gihelp</strong></span> 
     </span>
     <span class='ocr_line' id='line_1_4' title="bbox 179 713 2113 808; baseline 0.003 -28"><span class='ocrx_word' id='word_1_22' title='bbox 179 719 316 782; x_wconf 80' lang='lat' dir='ltr'><strong>infantia.</strong></span> <span class='ocrx_word' id='word_1_23' title='bbox 347 718 397 782; x_wconf 94' lang='grc'><strong>22.</strong></span> <span class='ocrx_word' id='word_1_24' title='bbox 414 716 455 782; x_wconf 83' lang='grc' dir='ltr'><strong>Ει</strong></span> <span class='ocrx_word' id='word_1_25' title='bbox 473 717 651 802; x_wconf 81' lang='lat' dir='ltr'><strong>frequenter</strong></span> <span class='ocrx_word' id='word_1_26' title='bbox 671 735 743 780; x_wconf 90' lang='lat' dir='ltr'><strong>eum</strong></span> <span class='ocrx_word' id='word_1_27' title='bbox 764 724 795 778; x_wconf 91' lang='lat' dir='ltr'><strong>et</strong></span> <span class='ocrx_word' id='word_1_28' title='bbox 812 713 843 777; x_wconf 96' lang='lat' dir='ltr'><strong>in</strong></span> <span class='ocrx_word' id='word_1_29' title='bbox 865 714 969 800; x_wconf 83' lang='lat' dir='ltr'>ignem</span> <span class='ocrx_word' id='word_1_30' title='bbox 992 723 1023 779; x_wconf 89' lang='lat' dir='ltr'><strong>et</strong></span> <span class='ocrx_word' id='word_1_31' title='bbox 1041 713 1075 777; x_wconf 91' lang='lat' dir='ltr'><strong>in</strong></span> <span class='ocrx_word' id='word_1_32' title='bbox 1096 735 1192 800; x_wconf 90' lang='lat' dir='ltr'><strong>aquas</strong></span> <span class='ocrx_word' id='word_1_33' title='bbox 1213 714 1295 778; x_wconf 85' lang='lat' dir='ltr'><strong>misit</strong></span> <span class='ocrx_word' id='word_1_34' title='bbox 1314 723 1349 778; x_wconf 93' lang='lat' dir='ltr'><strong>ut</strong></span> <span class='ocrx_word' id='word_1_35' title='bbox 1371 735 1442 780; x_wconf 92' lang='lat' dir='ltr'><strong>eum</strong></span> <span class='ocrx_word' id='word_1_36' title='bbox 1462 715 1613 802; x_wconf 87' lang='lat' dir='ltr'><strong>perderet</strong></span> <span class='ocrx_word' id='word_1_37' title='bbox 1636 717 1690 780; x_wconf 88' lang='lat' dir='ltr'><strong>sed</strong></span> <span class='ocrx_word' id='word_1_38' title='bbox 1713 717 1738 780; x_wconf 88' lang='lat' dir='ltr'><strong>si</strong></span> <span class='ocrx_word' id='word_1_39' title='bbox 1763 719 1837 804; x_wconf 89' lang='lat' dir='ltr'><strong>qnid</strong></span> <span class='ocrx_word' id='word_1_40' title='bbox 1874 729 1962 808; x_wconf 90' lang='lat' dir='ltr'><strong>potes</strong></span> <span class='ocrx_word' id='word_1_41' title='bbox 2001 721 2113 787; x_wconf 91' lang='lat' dir='ltr'><strong>adiuua</strong></span> 
     </span>
    </p>
   </div>
   <div class='ocr_carea' id='block_1_4' title="bbox 180 849 2114 1018">
    <p class='ocr_par' dir='ltr' id='par_1_4' title="bbox 180 849 2114 1018">
     <span class='ocr_line' id='line_1_5' title="bbox 180 849 2114 919; baseline -0.001 -15"><span class='ocrx_word' id='word_1_42' title='bbox 180 868 237 904; x_wconf 83' lang='lat' dir='ltr'><strong>usar</strong></span> <span class='ocrx_word' id='word_1_43' title='bbox 272 855 456 904; x_wconf 79' lang='lat' dir='ltr'><strong>wesmiisends</strong></span> <span class='ocrx_word' id='word_1_44' title='bbox 509 867 566 902; x_wconf 79' lang='lat' dir='ltr'><strong>noer</strong></span> <span class='ocrx_word' id='word_1_45' title='bbox 691 850 788 900; x_wconf 74' lang='lat' dir='ltr'><strong>’hehel</strong></span> <span class='ocrx_word' id='word_1_46' title='bbox 823 849 922 898; x_wconf 85' lang='lat' dir='ltr'><strong>wutudt</strong></span> <span class='ocrx_word' id='word_1_47' title='bbox 956 849 1034 900; x_wconf 66' lang='lat' dir='ltr'><strong>cuch</strong></span> <span class='ocrx_word' id='word_1_48' title='bbox 1068 857 1094 900; x_wconf 87' lang='lat' dir='ltr'><strong>to</strong></span> <span class='ocrx_word' id='word_1_49' title='bbox 1108 851 1160 899; x_wconf 85' lang='lat' dir='ltr'><strong>him</strong></span> <span class='ocrx_word' id='word_1_50' title='bbox 1195 849 1232 910; x_wconf 79' lang='lat' dir='ltr'><strong>git</strong></span> <span class='ocrx_word' id='word_1_51' title='bbox 1265 849 1390 912; x_wconf 75' lang='lat' dir='ltr'><strong>homage</strong></span> <span class='ocrx_word' id='word_1_52' title='bbox 1441 851 1516 911; x_wconf 63' lang='lat' dir='ltr'><strong>atleta</strong></span> <span class='ocrx_word' id='word_1_53' title='bbox 1585 851 1633 900; x_wconf 74' lang='lat' dir='ltr'><strong>clla</strong></span> <span class='ocrx_word' id='word_1_54' title='bbox 1703 853 1833 915; x_wconf 76' lang='lat' dir='ltr'><strong>almahtga</strong></span> <span class='ocrx_word' id='word_1_55' title='bbox 1948 857 2015 907; x_wconf 64' lang='lat' dir='ltr'><strong>ham</strong></span> <span class='ocrx_word' id='word_1_56' title='bbox 2028 857 2114 919; x_wconf 77' lang='lat' dir='ltr'><strong>giletus</strong></span> 
     </span>
     <span class='ocr_line' id='line_1_6' title="bbox 180 928 2101 1018; baseline 0 -20"><span class='ocrx_word' id='word_1_57' title='bbox 180 956 238 998; x_wconf 90' lang='lat' dir='ltr'><strong>nos</strong></span> <span class='ocrx_word' id='word_1_58' title='bbox 300 932 443 998; x_wconf 87' lang='lat' dir='ltr'><strong>misertus</strong></span> <span class='ocrx_word' id='word_1_59' title='bbox 485 933 591 996; x_wconf 79' lang='lat' dir='ltr'><strong>nostri.</strong></span> <span class='ocrx_word' id='word_1_60' title='bbox 618 931 668 996; x_wconf 89' lang='grc'><strong>23.</strong></span> <span class='ocrx_word' id='word_1_61' title='bbox 690 929 779 995; x_wconf 87' lang='lat' dir='ltr'><strong>Iesus</strong></span> <span class='ocrx_word' id='word_1_62' title='bbox 821 935 925 992; x_wconf 89' lang='lat' dir='ltr'><strong>autem</strong></span> <span class='ocrx_word' id='word_1_63' title='bbox 975 929 1018 991; x_wconf 90' lang='lat' dir='ltr'><strong>ait</strong></span> <span class='ocrx_word' id='word_1_64' title='bbox 1099 929 1144 992; x_wconf 93' lang='lat' dir='ltr'><strong>illi</strong></span> <span class='ocrx_word' id='word_1_65' title='bbox 1196 928 1222 990; x_wconf 89' lang='lat' dir='ltr'><strong>si</strong></span> <span class='ocrx_word' id='word_1_66' title='bbox 1282 937 1368 1014; x_wconf 88' lang='lat' dir='ltr'><strong>potes</strong></span> <span class='ocrx_word' id='word_1_67' title='bbox 1410 929 1538 994; x_wconf 89' lang='lat' dir='ltr'><strong>credere</strong></span> <span class='ocrx_word' id='word_1_68' title='bbox 1559 931 1662 994; x_wconf 90' lang='lat' dir='ltr'><strong>omnia</strong></span> <span class='ocrx_word' id='word_1_69' title='bbox 1688 931 1845 1018; x_wconf 84' lang='lat' dir='ltr'><strong>possibilia</strong></span> <span class='ocrx_word' id='word_1_70' title='bbox 1859 943 1931 998; x_wconf 89' lang='lat' dir='ltr'><strong>sunt</strong></span> <span class='ocrx_word' id='word_1_71' title='bbox 1957 935 2101 1000; x_wconf 84' lang='lat' dir='ltr'><strong>credenti.</strong></span> 
     </span>
    </p>
   </div>
   <div class='ocr_carea' id='block_1_5' title="bbox 180 1063 2103 1230">
    <p class='ocr_par' dir='ltr' id='par_1_5' title="bbox 180 1063 2103 1230">
     <span class='ocr_line' id='line_1_7' title="bbox 193 1063 2101 1135; baseline 0.002 -18"><span class='ocrx_word' id='word_1_72' title='bbox 193 1093 197 1100; x_wconf 95' lang='lat'><em>·</em></span> <span class='ocrx_word' id='word_1_73' title='bbox 264 1068 280 1129; x_wconf 91' lang='grc' dir='ltr'><strong><em>Ἰ</em></strong></span> <span class='ocrx_word' id='word_1_74' title='bbox 354 1082 415 1118; x_wconf 80' lang='lat' dir='ltr'><strong>sona</strong></span> <span class='ocrx_word' id='word_1_75' title='bbox 492 1067 632 1130; x_wconf 76' lang='lat' dir='ltr'><strong>giohopade</strong></span> <span class='ocrx_word' id='word_1_76' title='bbox 649 1068 661 1114; x_wconf 83' lang='lat' dir='ltr'><strong>t</strong></span> <span class='ocrx_word' id='word_1_77' title='bbox 678 1067 786 1128; x_wconf 80' lang='lat' dir='ltr'><strong>cogenda</strong></span> <span class='ocrx_word' id='word_1_78' title='bbox 805 1079 860 1114; x_wconf 78' lang='lat' dir='ltr'><strong>was</strong></span> <span class='ocrx_word' id='word_1_79' title='bbox 900 1065 975 1113; x_wconf 72' lang='lat' dir='ltr'><strong>rader</strong></span> <span class='ocrx_word' id='word_1_80' title='bbox 1018 1063 1073 1114; x_wconf 71' lang='lat' dir='ltr'><strong>&#39;cas</strong></span> <span class='ocrx_word' id='word_1_81' title='bbox 1090 1065 1196 1114; x_wconf 79' lang='lat' dir='ltr'><strong>cochlea</strong></span> <span class='ocrx_word' id='word_1_82' title='bbox 1232 1063 1289 1114; x_wconf 65' lang='lat' dir='ltr'><strong>mih</strong></span> <span class='ocrx_word' id='word_1_83' title='bbox 1349 1071 1447 1113; x_wconf 85' lang='lat' dir='ltr'><strong>teorcm</strong></span> <span class='ocrx_word' id='word_1_84' title='bbox 1501 1066 1530 1113; x_wconf 87' lang='lat' dir='ltr'><strong>hs</strong></span> <span class='ocrx_word' id='word_1_85' title='bbox 1549 1066 1653 1127; x_wconf 73' lang='lat' dir='ltr'><strong>gicwah</strong></span> <span class='ocrx_word' id='word_1_86' title='bbox 1693 1069 1717 1116; x_wconf 86' lang='lat' dir='ltr'><strong>ic</strong></span> <span class='ocrx_word' id='word_1_87' title='bbox 1734 1069 1810 1129; x_wconf 78' lang='lat' dir='ltr'><strong>gilefo</strong></span> <span class='ocrx_word' id='word_1_88' title='bbox 2001 1073 2101 1135; x_wconf 86' lang='lat' dir='ltr'><strong>tohelpe</strong></span> 
     </span>
     <span class='ocr_line' id='line_1_8' title="bbox 180 1143 2103 1230; baseline 0.001 -17"><span class='ocrx_word' id='word_1_89' title='bbox 180 1151 229 1214; x_wconf 84' lang='lat'><strong>24.</strong></span> <span class='ocrx_word' id='word_1_90' title='bbox 251 1148 294 1212; x_wconf 84' lang='lat' dir='ltr'><strong>Et</strong></span> <span class='ocrx_word' id='word_1_91' title='bbox 324 1147 471 1212; x_wconf 89' lang='lat' dir='ltr'><strong>continuo</strong></span> <span class='ocrx_word' id='word_1_92' title='bbox 589 1145 769 1210; x_wconf 85' lang='lat' dir='ltr'><strong>exclamans</strong></span> <span class='ocrx_word' id='word_1_93' title='bbox 893 1151 981 1230; x_wconf 87' lang='lat' dir='ltr'><strong>pater</strong></span> <span class='ocrx_word' id='word_1_94' title='bbox 1073 1143 1161 1230; x_wconf 90' lang='lat' dir='ltr'><strong>pueri</strong></span> <span class='ocrx_word' id='word_1_95' title='bbox 1228 1165 1298 1207; x_wconf 89' lang='lat' dir='ltr'><strong>cum</strong></span> <span class='ocrx_word' id='word_1_96' title='bbox 1327 1143 1473 1228; x_wconf 82' lang='lat' dir='ltr'><strong>lacrymis</strong></span> <span class='ocrx_word' id='word_1_97' title='bbox 1525 1144 1626 1209; x_wconf 90' lang='lat' dir='ltr'><strong>aiebat</strong></span> <span class='ocrx_word' id='word_1_98' title='bbox 1698 1147 1792 1212; x_wconf 87' lang='lat' dir='ltr'><strong>oredo</strong></span> <span class='ocrx_word' id='word_1_99' title='bbox 1834 1148 1959 1215; x_wconf 89' lang='lat' dir='ltr'><strong>domine</strong></span> <span class='ocrx_word' id='word_1_100' title='bbox 1989 1149 2103 1214; x_wconf 89' lang='lat' dir='ltr'><strong>adiuua</strong></span> 
     </span>
    </p>
   </div>
   <div class='ocr_carea' id='block_1_6' title="bbox 180 1278 2114 1451">
    <p class='ocr_par' dir='ltr' id='par_1_6' title="bbox 180 1278 2114 1451">
     <span class='ocr_line' id='line_1_9' title="bbox 207 1278 2112 1347; baseline 0.002 -15"><span class='ocrx_word' id='word_1_101' title='bbox 207 1285 417 1345; x_wconf 76' lang='lat' dir='ltr'><strong>ongllsotinlnr&#39;sse</strong></span> <span class='ocrx_word' id='word_1_102' title='bbox 468 1283 535 1331; x_wconf 87' lang='lat' dir='ltr'><strong>mins</strong></span> <span class='ocrx_word' id='word_1_103' title='bbox 707 1278 723 1339; x_wconf 91' lang='grc' dir='ltr'><strong><em>Ἰ</em></strong></span> <span class='ocrx_word' id='word_1_104' title='bbox 759 1280 856 1342; x_wconf 71' lang='lat' dir='ltr'><strong>mieey</strong></span> <span class='ocrx_word' id='word_1_105' title='bbox 890 1282 965 1342; x_wconf 68' lang='grc' dir='ltr'><strong>ςίιιοι</strong></span> <span class='ocrx_word' id='word_1_106' title='bbox 1016 1280 1051 1329; x_wconf 76' lang='lat' dir='ltr'><strong>’ee</strong></span> <span class='ocrx_word' id='word_1_107' title='bbox 1070 1280 1118 1328; x_wconf 80' lang='lat' dir='ltr'><strong>hat</strong></span> <span class='ocrx_word' id='word_1_108' title='bbox 1159 1279 1228 1330; x_wconf 70' lang='lat' dir='ltr'><strong>&#39;bone</strong></span> <span class='ocrx_word' id='word_1_109' title='bbox 1245 1279 1364 1329; x_wconf 86' lang='lat' dir='ltr'><strong>iornonde</strong></span> <span class='ocrx_word' id='word_1_110' title='bbox 1436 1279 1521 1328; x_wconf 70' lang='lat' dir='ltr'><strong>lireott</strong></span> <span class='ocrx_word' id='word_1_111' title='bbox 1580 1282 1731 1342; x_wconf 70' lang='lat' dir='ltr'><strong>gistlomde</strong></span> <span class='ocrx_word' id='word_1_112' title='bbox 1784 1297 1838 1334; x_wconf 78' lang='lat' dir='ltr'><strong>waes</strong></span> <span class='ocrx_word' id='word_1_113' title='bbox 1874 1285 1941 1335; x_wconf 70' lang='lat' dir='ltr'><strong>ham</strong></span> <span class='ocrx_word' id='word_1_114' title='bbox 1960 1294 2028 1347; x_wconf 78' lang='lat' dir='ltr'><strong>garta</strong></span> <span class='ocrx_word' id='word_1_115' title='bbox 2064 1301 2112 1336; x_wconf 87' lang='lat' dir='ltr'><strong>nn-</strong></span> 
     </span>
     <span class='ocr_line' id='line_1_10' title="bbox 180 1357 2114 1451; baseline 0.002 -27"><span class='ocrx_word' id='word_1_116' title='bbox 180 1362 427 1428; x_wconf 84' lang='lat' dir='ltr'><strong>incredulitatem</strong></span> <span class='ocrx_word' id='word_1_117' title='bbox 458 1382 568 1426; x_wconf 88' lang='lat' dir='ltr'><strong>meam.</strong></span> <span class='ocrx_word' id='word_1_118' title='bbox 622 1361 672 1425; x_wconf 79' lang='lat'><strong>25.</strong></span> <span class='ocrx_word' id='word_1_119' title='bbox 694 1359 736 1424; x_wconf 86' lang='lat' dir='ltr'><strong>Et</strong></span> <span class='ocrx_word' id='word_1_120' title='bbox 767 1381 838 1424; x_wconf 91' lang='lat' dir='ltr'><strong>cum</strong></span> <span class='ocrx_word' id='word_1_121' title='bbox 869 1359 989 1424; x_wconf 87' lang='lat' dir='ltr'><strong>uideret</strong></span> <span class='ocrx_word' id='word_1_122' title='bbox 1021 1357 1108 1423; x_wconf 79' lang='lat' dir='ltr'><strong>Iasus</strong></span> <span class='ocrx_word' id='word_1_123' title='bbox 1141 1369 1376 1423; x_wconf 80' lang='lat' dir='ltr'>concurrentem</span> <span class='ocrx_word' id='word_1_124' title='bbox 1414 1359 1536 1422; x_wconf 78' lang='lat' dir='ltr'><strong>hubam</strong></span> <span class='ocrx_word' id='word_1_125' title='bbox 1557 1361 1760 1426; x_wconf 90' lang='lat' dir='ltr'><strong>comminatus</strong></span> <span class='ocrx_word' id='word_1_126' title='bbox 1791 1373 1837 1428; x_wconf 90' lang='lat' dir='ltr'><strong>est</strong></span> <span class='ocrx_word' id='word_1_127' title='bbox 1883 1363 2003 1451; x_wconf 89' lang='lat' dir='ltr'><strong>spiritui</strong></span> <span class='ocrx_word' id='word_1_128' title='bbox 2059 1366 2114 1429; x_wconf 87' lang='lat' dir='ltr'><strong>irn-</strong></span> 
     </span>
    </p>
   </div>
   <div class='ocr_carea' id='block_1_7' title="bbox 180 1492 2175 1663">
    <p class='ocr_par' dir='ltr' id='par_1_7' title="bbox 180 1492 2175 1663">
     <span class='ocr_line' id='line_1_11' title="bbox 180 1492 2073 1562; baseline 0.002 -16"><span class='ocrx_word' id='word_1_129' title='bbox 180 1501 285 1546; x_wconf 81' lang='lat' dir='ltr'><strong>clauum</strong></span> <span class='ocrx_word' id='word_1_130' title='bbox 320 1497 456 1548; x_wconf 63' lang='lat' dir='ltr'><strong>cucheode</strong></span> <span class='ocrx_word' id='word_1_131' title='bbox 542 1497 581 1546; x_wconf 71' lang='lat' dir='ltr'><strong>bu</strong></span> <span class='ocrx_word' id='word_1_132' title='bbox 599 1497 624 1544; x_wconf 86' lang='lat' dir='ltr'><strong>la</strong></span> <span class='ocrx_word' id='word_1_133' title='bbox 640 1495 713 1546; x_wconf 80' lang='lat' dir='ltr'><strong>deols</strong></span> <span class='ocrx_word' id='word_1_134' title='bbox 746 1495 764 1556; x_wconf 99' lang='grc' dir='ltr'><strong><em>Ἰ</em></strong></span> <span class='ocrx_word' id='word_1_135' title='bbox 802 1496 895 1546; x_wconf 79' lang='lat' dir='ltr'><strong>dumbs</strong></span> <span class='ocrx_word' id='word_1_136' title='bbox 952 1503 1008 1556; x_wconf 71' lang='lat' dir='ltr'><strong>gest</strong></span> <span class='ocrx_word' id='word_1_137' title='bbox 1083 1495 1106 1544; x_wconf 91' lang='lat' dir='ltr'><strong>lc</strong></span> <span class='ocrx_word' id='word_1_138' title='bbox 1167 1495 1202 1545; x_wconf 73' lang='grc' dir='ltr'><strong>’6ο</strong></span> <span class='ocrx_word' id='word_1_139' title='bbox 1260 1496 1369 1544; x_wconf 86' lang='lat' dir='ltr'><strong>hibeodu</strong></span> <span class='ocrx_word' id='word_1_140' title='bbox 1409 1509 1455 1556; x_wconf 73' lang='lat' dir='ltr'><strong>gae</strong></span> <span class='ocrx_word' id='word_1_141' title='bbox 1489 1497 1526 1543; x_wconf 78' lang='lat' dir='ltr'><strong>lto</strong></span> <span class='ocrx_word' id='word_1_142' title='bbox 1560 1492 1655 1553; x_wconf 73' lang='lat' dir='ltr'><strong>him]</strong></span> <span class='ocrx_word' id='word_1_143' title='bbox 1700 1498 1788 1547; x_wconf 69' lang='lat' dir='ltr'><strong>iothor</strong></span> <span class='ocrx_word' id='word_1_144' title='bbox 1829 1499 1881 1548; x_wconf 74' lang='lat' dir='ltr'><strong>’eat</strong></span> <span class='ocrx_word' id='word_1_145' title='bbox 1895 1499 1974 1549; x_wconf 61' lang='lat' dir='ltr'><strong>hunc</strong></span> <span class='ocrx_word' id='word_1_146' title='bbox 2009 1501 2073 1562; x_wconf 77' lang='lat' dir='ltr'><strong>iuga</strong></span> 
     </span>
     <span class='ocr_line' id='line_1_12' title="bbox 181 1572 2175 1663; baseline 0.002 -24"><span class='ocrx_word' id='word_1_147' title='bbox 181 1577 297 1640; x_wconf 89' lang='lat' dir='ltr'><strong>mundo</strong></span> <span class='ocrx_word' id='word_1_148' title='bbox 319 1577 424 1642; x_wconf 86' lang='lat' dir='ltr'><strong>dicens</strong></span> <span class='ocrx_word' id='word_1_149' title='bbox 476 1576 521 1639; x_wconf 94' lang='lat' dir='ltr'><strong>illi</strong></span> <span class='ocrx_word' id='word_1_150' title='bbox 587 1576 682 1640; x_wconf 88' lang='lat' dir='ltr'><strong>surde</strong></span> <span class='ocrx_word' id='word_1_151' title='bbox 744 1587 775 1640; x_wconf 89' lang='lat' dir='ltr'><strong>et</strong></span> <span class='ocrx_word' id='word_1_152' title='bbox 805 1585 891 1640; x_wconf 91' lang='lat' dir='ltr'><strong>mute</strong></span> <span class='ocrx_word' id='word_1_153' title='bbox 916 1575 1040 1661; x_wconf 86' lang='lat' dir='ltr'><strong>spiritus</strong></span> <span class='ocrx_word' id='word_1_154' title='bbox 1062 1596 1122 1660; x_wconf 85' lang='lat' dir='ltr'><strong>ego</strong></span> <span class='ocrx_word' id='word_1_155' title='bbox 1155 1573 1210 1638; x_wconf 91' lang='lat' dir='ltr'><strong>tibi</strong></span> <span class='ocrx_word' id='word_1_156' title='bbox 1232 1572 1387 1658; x_wconf 87' lang='lat' dir='ltr'><strong>praecipio</strong></span> <span class='ocrx_word' id='word_1_157' title='bbox 1408 1575 1459 1637; x_wconf 86' lang='lat' dir='ltr'><strong>exi</strong></span> <span class='ocrx_word' id='word_1_158' title='bbox 1488 1575 1528 1638; x_wconf 91' lang='lat' dir='ltr'><strong>ab</strong></span> <span class='ocrx_word' id='word_1_159' title='bbox 1564 1595 1601 1639; x_wconf 91' lang='lat' dir='ltr'><strong>eo</strong></span> <span class='ocrx_word' id='word_1_160' title='bbox 1630 1577 1813 1663; x_wconf 86' lang='lat' dir='ltr'><strong>etamplius</strong></span> <span class='ocrx_word' id='word_1_161' title='bbox 1876 1599 1916 1643; x_wconf 91' lang='lat' dir='ltr'><strong>ne</strong></span> <span class='ocrx_word' id='word_1_162' title='bbox 1979 1580 2114 1644; x_wconf 84' lang='lat' dir='ltr'><strong>introeas</strong></span> <span class='ocrx_word' id='word_1_163' title='bbox 2156 1581 2175 1642; x_wconf 78' lang='grc' dir='ltr'>ὁ</span> 
     </span>
    </p>
   </div>
   <div class='ocr_carea' id='block_1_8' title="bbox 180 1706 2114 1875">
    <p class='ocr_par' dir='ltr' id='par_1_8' title="bbox 180 1706 2114 1875">
     <span class='ocr_line' id='line_1_13' title="bbox 180 1706 2114 1777; baseline 0.001 -15"><span class='ocrx_word' id='word_1_164' title='bbox 180 1715 206 1762; x_wconf 90' lang='lat' dir='ltr'><strong>in</strong></span> <span class='ocrx_word' id='word_1_165' title='bbox 242 1716 299 1762; x_wconf 88' lang='lat' dir='ltr'><strong>hine</strong></span> <span class='ocrx_word' id='word_1_166' title='bbox 443 1712 459 1773; x_wconf 88' lang='grc' dir='ltr'><strong><em>Ἰ</em></strong></span> <span class='ocrx_word' id='word_1_167' title='bbox 497 1712 703 1777; x_wconf 71' lang='lat' dir='ltr'><strong>eliopadesvihe</strong></span> <span class='ocrx_word' id='word_1_168' title='bbox 737 1709 753 1771; x_wconf 89' lang='grc' dir='ltr'><strong><em>Ἰ</em></strong></span> <span class='ocrx_word' id='word_1_169' title='bbox 796 1713 895 1772; x_wconf 76' lang='lat' dir='ltr'><strong>menige</strong></span> <span class='ocrx_word' id='word_1_170' title='bbox 975 1711 1091 1760; x_wconf 84' lang='lat' dir='ltr'><strong>teorende</strong></span> <span class='ocrx_word' id='word_1_171' title='bbox 1151 1711 1210 1759; x_wconf 81' lang='lat' dir='ltr'><strong>hine</strong></span> <span class='ocrx_word' id='word_1_172' title='bbox 1244 1709 1332 1770; x_wconf 76' lang='lat' dir='ltr'><strong>gieode</strong></span> <span class='ocrx_word' id='word_1_173' title='bbox 1367 1711 1429 1758; x_wconf 78' lang='lat' dir='ltr'><strong>thom</strong></span> <span class='ocrx_word' id='word_1_174' title='bbox 1465 1711 1515 1757; x_wconf 86' lang='lat' dir='ltr'><strong>him</strong></span> <span class='ocrx_word' id='word_1_175' title='bbox 1549 1706 1565 1768; x_wconf 90' lang='grc' dir='ltr'><strong><em>Ἰ</em></strong></span> <span class='ocrx_word' id='word_1_176' title='bbox 1603 1711 1727 1772; x_wconf 75' lang='lat' dir='ltr'><strong>giwordrm</strong></span> <span class='ocrx_word' id='word_1_177' title='bbox 1763 1727 1818 1762; x_wconf 78' lang='lat' dir='ltr'><strong>was</strong></span> <span class='ocrx_word' id='word_1_178' title='bbox 1854 1715 1940 1764; x_wconf 78' lang='lat' dir='ltr'><strong>swelce</strong></span> <span class='ocrx_word' id='word_1_179' title='bbox 1975 1715 2114 1766; x_wconf 78' lang='lat' dir='ltr'><strong>deoduere</strong></span> 
     </span>
     <span class='ocr_line' id='line_1_14' title="bbox 181 1787 2114 1875; baseline 0.002 -20"><span class='ocrx_word' id='word_1_180' title='bbox 181 1794 213 1856; x_wconf 91' lang='lat' dir='ltr'><strong>in</strong></span> <span class='ocrx_word' id='word_1_181' title='bbox 234 1815 314 1858; x_wconf 89' lang='lat' dir='ltr'><strong>eum.</strong></span> <span class='ocrx_word' id='word_1_182' title='bbox 357 1794 407 1858; x_wconf 90' lang='grc'><strong>26.</strong></span> <span class='ocrx_word' id='word_1_183' title='bbox 429 1792 471 1856; x_wconf 87' lang='grc' dir='ltr'><strong>Ει</strong></span> <span class='ocrx_word' id='word_1_184' title='bbox 516 1791 693 1857; x_wconf 77' lang='lat' dir='ltr'><strong>exclamans</strong></span> <span class='ocrx_word' id='word_1_185' title='bbox 736 1801 766 1856; x_wconf 90' lang='lat' dir='ltr'><strong>et</strong></span> <span class='ocrx_word' id='word_1_186' title='bbox 787 1789 918 1854; x_wconf 89' lang='lat' dir='ltr'><strong>multum</strong></span> <span class='ocrx_word' id='word_1_187' title='bbox 939 1789 1117 1875; x_wconf 90' lang='lat' dir='ltr'><strong>discerpens</strong></span> <span class='ocrx_word' id='word_1_188' title='bbox 1139 1809 1210 1852; x_wconf 91' lang='lat' dir='ltr'><strong>eum</strong></span> <span class='ocrx_word' id='word_1_189' title='bbox 1242 1787 1316 1852; x_wconf 87' lang='lat' dir='ltr'><strong>exiit</strong></span> <span class='ocrx_word' id='word_1_190' title='bbox 1364 1788 1403 1850; x_wconf 95' lang='lat' dir='ltr'><strong>ab</strong></span> <span class='ocrx_word' id='word_1_191' title='bbox 1469 1808 1506 1852; x_wconf 91' lang='lat' dir='ltr'><strong>eo</strong></span> <span class='ocrx_word' id='word_1_192' title='bbox 1545 1797 1575 1852; x_wconf 89' lang='lat' dir='ltr'><strong>et</strong></span> <span class='ocrx_word' id='word_1_193' title='bbox 1617 1789 1714 1854; x_wconf 86' lang='lat' dir='ltr'><strong>factus</strong></span> <span class='ocrx_word' id='word_1_194' title='bbox 1765 1801 1811 1855; x_wconf 90' lang='lat' dir='ltr'><strong>est</strong></span> <span class='ocrx_word' id='word_1_195' title='bbox 1858 1793 1936 1857; x_wconf 90' lang='lat' dir='ltr'><strong>sicut</strong></span> <span class='ocrx_word' id='word_1_196' title='bbox 1975 1805 2114 1858; x_wconf 90' lang='lat' dir='ltr'><strong>mortuus</strong></span> 
     </span>
    </p>
   </div>
   <div class='ocr_carea' id='block_1_9' title="bbox 182 1923 2118 2093">
    <p class='ocr_par' dir='ltr' id='par_1_9' title="bbox 182 1923 2118 2093">
     <span class='ocr_line' id='line_1_15' title="bbox 182 1923 2115 1991; baseline 0.002 -15"><span class='ocrx_word' id='word_1_197' title='bbox 182 1944 231 1977; x_wconf 75' lang='lat' dir='ltr'><strong>swa</strong></span> <span class='ocrx_word' id='word_1_198' title='bbox 268 1929 344 1980; x_wconf 64' lang='lat' dir='ltr'><strong>hatte</strong></span> <span class='ocrx_word' id='word_1_199' title='bbox 379 1931 478 1991; x_wconf 74' lang='lat' dir='ltr'><strong>menige</strong></span> <span class='ocrx_word' id='word_1_200' title='bbox 512 1929 614 1978; x_wconf 73' lang='lat' dir='ltr'><strong>credun</strong></span> <span class='ocrx_word' id='word_1_201' title='bbox 650 1929 729 1979; x_wconf 75' lang='lat' dir='ltr'><strong>&#39;tetta</strong></span> <span class='ocrx_word' id='word_1_202' title='bbox 781 1927 847 1976; x_wconf 86' lang='lat' dir='ltr'><strong>deod</strong></span> <span class='ocrx_word' id='word_1_203' title='bbox 908 1929 930 1975; x_wconf 86' lang='lat' dir='ltr'><strong>is</strong></span> <span class='ocrx_word' id='word_1_204' title='bbox 948 1928 959 1974; x_wconf 80' lang='grc' dir='ltr'><strong>ι</strong></span> <span class='ocrx_word' id='word_1_205' title='bbox 977 1939 1039 1974; x_wconf 78' lang='lat' dir='ltr'><strong>uero</strong></span> <span class='ocrx_word' id='word_1_206' title='bbox 1160 1923 1196 1973; x_wconf 75' lang='grc' dir='ltr'><strong>’6ο</strong></span> <span class='ocrx_word' id='word_1_207' title='bbox 1215 1925 1264 1972; x_wconf 79' lang='lat' dir='ltr'><strong>het</strong></span> <span class='ocrx_word' id='word_1_208' title='bbox 1310 1925 1407 1974; x_wconf 79' lang='lat' dir='ltr'><strong>so’tltcc</strong></span> <span class='ocrx_word' id='word_1_209' title='bbox 1441 1924 1542 1985; x_wconf 75' lang='lat' dir='ltr'><strong>giheold</strong></span> <span class='ocrx_word' id='word_1_210' title='bbox 1594 1925 1678 1974; x_wconf 81' lang='lat' dir='ltr'><strong>honde</strong></span> <span class='ocrx_word' id='word_1_211' title='bbox 1736 1927 1775 1974; x_wconf 80' lang='lat' dir='ltr'><strong>hta</strong></span> <span class='ocrx_word' id='word_1_212' title='bbox 1843 1926 1940 1987; x_wconf 74' lang='grc' dir='ltr'><strong>Ἰιιοι</strong></span> <span class='ocrx_word' id='word_1_213' title='bbox 1989 1931 2047 1978; x_wconf 84' lang='lat' dir='ltr'><strong>hine</strong></span> <span class='ocrx_word' id='word_1_214' title='bbox 2097 1927 2115 1988; x_wconf 99' lang='grc' dir='ltr'><strong><em>Ἰ</em></strong></span> 
     </span>
     <span class='ocr_line' id='line_1_16' title="bbox 183 2003 2118 2093; baseline 0.001 -23"><span class='ocrx_word' id='word_1_215' title='bbox 183 2010 224 2072; x_wconf 79' lang='lat' dir='ltr'><strong>ite</strong></span> <span class='ocrx_word' id='word_1_216' title='bbox 287 2017 321 2070; x_wconf 90' lang='lat' dir='ltr'><strong>ut</strong></span> <span class='ocrx_word' id='word_1_217' title='bbox 384 2007 474 2072; x_wconf 88' lang='lat' dir='ltr'><strong>multi</strong></span> <span class='ocrx_word' id='word_1_218' title='bbox 495 2007 633 2073; x_wconf 84' lang='lat' dir='ltr'><strong>dicerent</strong></span> <span class='ocrx_word' id='word_1_219' title='bbox 658 2005 731 2093; x_wconf 87' lang='lat' dir='ltr'><strong>quia</strong></span> <span class='ocrx_word' id='word_1_220' title='bbox 756 2015 896 2070; x_wconf 82' lang='lat' dir='ltr'><strong>mortuus</strong></span> <span class='ocrx_word' id='word_1_221' title='bbox 959 2013 1012 2069; x_wconf 89' lang='lat' dir='ltr'><strong>est.</strong></span> <span class='ocrx_word' id='word_1_222' title='bbox 1094 2005 1144 2068; x_wconf 82' lang='grc'><strong>27.</strong></span> <span class='ocrx_word' id='word_1_223' title='bbox 1173 2003 1261 2068; x_wconf 85' lang='lat' dir='ltr'><strong>Iesus</strong></span> <span class='ocrx_word' id='word_1_224' title='bbox 1301 2013 1403 2068; x_wconf 88' lang='lat' dir='ltr'><strong>autem</strong></span> <span class='ocrx_word' id='word_1_225' title='bbox 1432 2013 1540 2068; x_wconf 88' lang='lat' dir='ltr'><strong>tenens</strong></span> <span class='ocrx_word' id='word_1_226' title='bbox 1567 2025 1693 2068; x_wconf 89' lang='lat' dir='ltr'><strong>manum</strong></span> <span class='ocrx_word' id='word_1_227' title='bbox 1722 2005 1786 2070; x_wconf 91' lang='lat' dir='ltr'><strong>eius</strong></span> <span class='ocrx_word' id='word_1_228' title='bbox 1821 2007 1955 2072; x_wconf 89' lang='lat' dir='ltr'><strong>eleuauit</strong></span> <span class='ocrx_word' id='word_1_229' title='bbox 1982 2029 2053 2072; x_wconf 90' lang='lat' dir='ltr'><strong>eum</strong></span> <span class='ocrx_word' id='word_1_230' title='bbox 2087 2017 2118 2072; x_wconf 89' lang='lat' dir='ltr'><strong>et</strong></span> 
     </span>
    </p>
   </div>
   <div class='ocr_carea' id='block_1_10' title="bbox 182 2140 2115 2308">
    <p class='ocr_par' dir='ltr' id='par_1_10' title="bbox 182 2140 2115 2308">
     <span class='ocr_line' id='line_1_17' title="bbox 215 2140 2100 2205; baseline 0.001 -13"><span class='ocrx_word' id='word_1_231' title='bbox 215 2157 269 2192; x_wconf 75' lang='lat' dir='ltr'><strong>eres</strong></span> <span class='ocrx_word' id='word_1_232' title='bbox 466 2142 482 2203; x_wconf 90' lang='grc' dir='ltr'><strong><em>Ἰ</em></strong></span> <span class='ocrx_word' id='word_1_233' title='bbox 518 2143 576 2193; x_wconf 74' lang='lat' dir='ltr'><strong>ml’b</strong></span> <span class='ocrx_word' id='word_1_234' title='bbox 586 2143 623 2205; x_wconf 76' lang='lat' dir='ltr'><strong>’hy</strong></span> <span class='ocrx_word' id='word_1_235' title='bbox 663 2140 787 2202; x_wconf 78' lang='lat' dir='ltr'><strong>insede]</strong></span> <span class='ocrx_word' id='word_1_236' title='bbox 832 2143 859 2191; x_wconf 91' lang='lat' dir='ltr'><strong>in</strong></span> <span class='ocrx_word' id='word_1_237' title='bbox 929 2143 976 2190; x_wconf 85' lang='lat' dir='ltr'><strong>hus</strong></span> <span class='ocrx_word' id='word_1_238' title='bbox 1073 2141 1169 2203; x_wconf 68' lang='lat' dir='ltr'><strong>begam</strong></span> <span class='ocrx_word' id='word_1_239' title='bbox 1230 2141 1269 2190; x_wconf 86' lang='lat' dir='ltr'><strong>his</strong></span> <span class='ocrx_word' id='word_1_240' title='bbox 1313 2140 1432 2202; x_wconf 78' lang='lat' dir='ltr'><strong>degollice</strong></span> <span class='ocrx_word' id='word_1_241' title='bbox 1519 2141 1619 2201; x_wconf 76' lang='lat' dir='ltr'><strong>gilragn</strong></span> <span class='ocrx_word' id='word_1_242' title='bbox 1730 2143 1787 2191; x_wconf 90' lang='lat' dir='ltr'><strong>hine</strong></span> <span class='ocrx_word' id='word_1_243' title='bbox 1821 2143 1934 2192; x_wconf 82' lang='lat' dir='ltr'><strong>lorhuon</strong></span> <span class='ocrx_word' id='word_1_244' title='bbox 1969 2159 2005 2193; x_wconf 78' lang='lat' dir='ltr'><strong>we</strong></span> <span class='ocrx_word' id='word_1_245' title='bbox 2069 2159 2100 2193; x_wconf 87' lang='lat' dir='ltr'><strong>ne</strong></span> 
     </span>
     <span class='ocr_line' id='line_1_18' title="bbox 182 2218 2115 2308; baseline 0.001 -23"><span class='ocrx_word' id='word_1_246' title='bbox 182 2223 323 2288; x_wconf 76' lang='lat' dir='ltr'><strong>annexit.</strong></span> <span class='ocrx_word' id='word_1_247' title='bbox 373 2224 423 2287; x_wconf 90' lang='grc'><strong>28.</strong></span> <span class='ocrx_word' id='word_1_248' title='bbox 453 2222 494 2286; x_wconf 84' lang='grc' dir='ltr'><strong>Ει</strong></span> <span class='ocrx_word' id='word_1_249' title='bbox 537 2243 608 2286; x_wconf 87' lang='lat' dir='ltr'><strong>cum</strong></span> <span class='ocrx_word' id='word_1_250' title='bbox 648 2221 803 2286; x_wconf 86' lang='lat' dir='ltr'><strong>introisset</strong></span> <span class='ocrx_word' id='word_1_251' title='bbox 828 2219 860 2283; x_wconf 89' lang='lat' dir='ltr'><strong>in</strong></span> <span class='ocrx_word' id='word_1_252' title='bbox 890 2219 1016 2284; x_wconf 89' lang='lat' dir='ltr'><strong>domum</strong></span> <span class='ocrx_word' id='word_1_253' title='bbox 1047 2218 1189 2305; x_wconf 90' lang='lat' dir='ltr'><strong>discipuli</strong></span> <span class='ocrx_word' id='word_1_254' title='bbox 1221 2219 1285 2283; x_wconf 86' lang='lat' dir='ltr'><strong>eius</strong></span> <span class='ocrx_word' id='word_1_255' title='bbox 1313 2227 1432 2282; x_wconf 86' lang='lat' dir='ltr'><strong>secreto</strong></span> <span class='ocrx_word' id='word_1_256' title='bbox 1464 2219 1698 2306; x_wconf 80' lang='lat' dir='ltr'><strong>interrogabant</strong></span> <span class='ocrx_word' id='word_1_257' title='bbox 1722 2243 1792 2286; x_wconf 89' lang='lat' dir='ltr'><strong>eum</strong></span> <span class='ocrx_word' id='word_1_258' title='bbox 1831 2244 1927 2308; x_wconf 88' lang='lat' dir='ltr'><strong>quare</strong></span> <span class='ocrx_word' id='word_1_259' title='bbox 1959 2245 2015 2288; x_wconf 87' lang='lat' dir='ltr'><strong>nos</strong></span> <span class='ocrx_word' id='word_1_260' title='bbox 2051 2247 2115 2290; x_wconf 92' lang='lat' dir='ltr'><strong>non</strong></span> 
     </span>
    </p>
   </div>
   <div class='ocr_carea' id='block_1_11' title="bbox 182 2353 2116 2526">
    <p class='ocr_par' dir='ltr' id='par_1_11' title="bbox 182 2353 2116 2526">
     <span class='ocr_line' id='line_1_19' title="bbox 208 2353 2112 2421; baseline -0.001 -13"><span class='ocrx_word' id='word_1_261' title='bbox 208 2361 317 2409; x_wconf 81' lang='lat' dir='ltr'><strong>mahtun</strong></span> <span class='ocrx_word' id='word_1_262' title='bbox 362 2358 481 2408; x_wconf 79' lang='lat' dir='ltr'><strong>lordritan</strong></span> <span class='ocrx_word' id='word_1_263' title='bbox 522 2358 580 2406; x_wconf 84' lang='lat' dir='ltr'><strong>hine</strong></span> <span class='ocrx_word' id='word_1_264' title='bbox 742 2353 759 2414; x_wconf 96' lang='grc' dir='ltr'><strong><em>Ἰ</em></strong></span> <span class='ocrx_word' id='word_1_265' title='bbox 796 2355 874 2406; x_wconf 62' lang='lat' dir='ltr'><strong>cuch</strong></span> <span class='ocrx_word' id='word_1_266' title='bbox 909 2364 936 2404; x_wconf 88' lang='grc' dir='ltr'><strong>ιο</strong></span> <span class='ocrx_word' id='word_1_267' title='bbox 954 2358 1005 2406; x_wconf 89' lang='lat' dir='ltr'><strong>hlm</strong></span> <span class='ocrx_word' id='word_1_268' title='bbox 1048 2356 1091 2405; x_wconf 75' lang='lat' dir='ltr'><strong>’tis</strong></span> <span class='ocrx_word' id='word_1_269' title='bbox 1146 2369 1211 2417; x_wconf 79' lang='lat' dir='ltr'><strong>cynn</strong></span> <span class='ocrx_word' id='word_1_270' title='bbox 1285 2355 1381 2416; x_wconf 79' lang='lat' dir='ltr'><strong>ncnige</strong></span> <span class='ocrx_word' id='word_1_271' title='bbox 1471 2357 1558 2404; x_wconf 77' lang='lat' dir='ltr'><strong>mahte</strong></span> <span class='ocrx_word' id='word_1_272' title='bbox 1594 2359 1701 2418; x_wconf 79' lang='lat' dir='ltr'><strong>olgooga</strong></span> <span class='ocrx_word' id='word_1_273' title='bbox 1743 2361 1804 2407; x_wconf 79' lang='lat' dir='ltr'><strong>buta</strong></span> <span class='ocrx_word' id='word_1_274' title='bbox 1850 2372 1882 2408; x_wconf 90' lang='lat' dir='ltr'><strong>on</strong></span> <span class='ocrx_word' id='word_1_275' title='bbox 1923 2359 2056 2421; x_wconf 80' lang='lat' dir='ltr'><strong>gibeodum</strong></span> <span class='ocrx_word' id='word_1_276' title='bbox 2096 2356 2112 2418; x_wconf 90' lang='grc' dir='ltr'><strong><em>Ἰ</em></strong></span> 
     </span>
     <span class='ocr_line' id='line_1_20' title="bbox 182 2434 2116 2526; baseline -0.002 -23"><span class='ocrx_word' id='word_1_277' title='bbox 182 2438 335 2526; x_wconf 90' lang='lat' dir='ltr'><strong>potuimus</strong></span> <span class='ocrx_word' id='word_1_278' title='bbox 367 2437 477 2502; x_wconf 88' lang='lat' dir='ltr'><strong>eiicere</strong></span> <span class='ocrx_word' id='word_1_279' title='bbox 510 2437 605 2501; x_wconf 79' lang='lat' dir='ltr'><strong>eum?</strong></span> <span class='ocrx_word' id='word_1_280' title='bbox 660 2436 710 2499; x_wconf 88' lang='grc'>29.</span> <span class='ocrx_word' id='word_1_281' title='bbox 732 2434 773 2498; x_wconf 86' lang='lat' dir='ltr'><strong>Et</strong></span> <span class='ocrx_word' id='word_1_282' title='bbox 800 2435 879 2498; x_wconf 89' lang='lat' dir='ltr'><strong>dixit</strong></span> <span class='ocrx_word' id='word_1_283' title='bbox 930 2434 991 2497; x_wconf 88' lang='lat' dir='ltr'><strong>illis</strong></span> <span class='ocrx_word' id='word_1_284' title='bbox 1041 2434 1101 2498; x_wconf 91' lang='lat' dir='ltr'><strong>hoc</strong></span> <span class='ocrx_word' id='word_1_285' title='bbox 1131 2455 1231 2520; x_wconf 85' lang='lat' dir='ltr'><strong>genus</strong></span> <span class='ocrx_word' id='word_1_286' title='bbox 1270 2436 1301 2496; x_wconf 92' lang='lat' dir='ltr'><strong>in</strong></span> <span class='ocrx_word' id='word_1_287' title='bbox 1323 2434 1410 2498; x_wconf 92' lang='lat' dir='ltr'><strong>nullo</strong></span> <span class='ocrx_word' id='word_1_288' title='bbox 1460 2444 1561 2520; x_wconf 88' lang='lat' dir='ltr'><strong>potest</strong></span> <span class='ocrx_word' id='word_1_289' title='bbox 1601 2435 1687 2500; x_wconf 88' lang='lat' dir='ltr'><strong>exire</strong></span> <span class='ocrx_word' id='word_1_290' title='bbox 1741 2437 1799 2499; x_wconf 86' lang='lat' dir='ltr'><strong>nisi</strong></span> <span class='ocrx_word' id='word_1_291' title='bbox 1844 2437 1877 2500; x_wconf 92' lang='lat' dir='ltr'><strong>in</strong></span> <span class='ocrx_word' id='word_1_292' title='bbox 1915 2438 2054 2502; x_wconf 90' lang='lat' dir='ltr'><strong>oratione</strong></span> <span class='ocrx_word' id='word_1_293' title='bbox 2086 2447 2116 2502; x_wconf 87' lang='lat' dir='ltr'><strong>et</strong></span> 
     </span>
    </p>
   </div>
   <div class='ocr_carea' id='block_1_12' title="bbox 183 2569 2177 2738">
    <p class='ocr_par' dir='ltr' id='par_1_12' title="bbox 183 2569 2177 2738">
     <span class='ocr_line' id='line_1_21' title="bbox 183 2569 2115 2638; baseline -0.001 -15"><span class='ocrx_word' id='word_1_294' title='bbox 183 2587 214 2622; x_wconf 89' lang='lat' dir='ltr'><strong>oo</strong></span> <span class='ocrx_word' id='word_1_295' title='bbox 231 2577 341 2638; x_wconf 67' lang='lat' dir='ltr'><strong>interne</strong></span> <span class='ocrx_word' id='word_1_296' title='bbox 468 2570 485 2632; x_wconf 91' lang='grc' dir='ltr'><strong><em>Ἰ</em></strong></span> <span class='ocrx_word' id='word_1_297' title='bbox 523 2573 594 2623; x_wconf 71' lang='lat' dir='ltr'><strong>hono</strong></span> <span class='ocrx_word' id='word_1_298' title='bbox 627 2571 731 2621; x_wconf 82' lang='lat' dir='ltr'><strong>faordcn</strong></span> <span class='ocrx_word' id='word_1_299' title='bbox 887 2571 996 2620; x_wconf 86' lang='lat' dir='ltr'><strong>hieodon</strong></span> <span class='ocrx_word' id='word_1_300' title='bbox 1168 2573 1263 2631; x_wconf 75' lang='lat' dir='ltr'><strong>gethea</strong></span> <span class='ocrx_word' id='word_1_301' title='bbox 1321 2573 1402 2632; x_wconf 77' lang='lat' dir='ltr'><strong>naenig</strong></span> <span class='ocrx_word' id='word_1_302' title='bbox 1442 2569 1521 2618; x_wconf 80' lang='lat' dir='ltr'><strong>walde</strong></span> <span class='ocrx_word' id='word_1_303' title='bbox 1597 2585 1647 2619; x_wconf 85' lang='lat' dir='ltr'><strong>swa</strong></span> <span class='ocrx_word' id='word_1_304' title='bbox 1665 2585 1715 2620; x_wconf 80' lang='lat' dir='ltr'><strong>sus</strong></span> <span class='ocrx_word' id='word_1_305' title='bbox 1777 2573 1869 2633; x_wconf 73' lang='lat' dir='ltr'><strong>giwuta</strong></span> <span class='ocrx_word' id='word_1_306' title='bbox 1973 2573 2115 2635; x_wconf 78' lang='lat' dir='ltr'><strong>hegilarde</strong></span> 
     </span>
     <span class='ocr_line' id='line_1_22' title="bbox 202 2648 2177 2738; baseline 0.001 -25"><span class='ocrx_word' id='word_1_307' title='bbox 202 2653 324 2716; x_wconf 91' lang='lat' dir='ltr'><strong>ieiunio.</strong></span> <span class='ocrx_word' id='word_1_308' title='bbox 389 2654 438 2718; x_wconf 87' lang='lat'><strong>30.</strong></span> <span class='ocrx_word' id='word_1_309' title='bbox 460 2653 501 2717; x_wconf 85' lang='lat' dir='ltr'><strong>Et</strong></span> <span class='ocrx_word' id='word_1_310' title='bbox 522 2652 595 2716; x_wconf 88' lang='lat' dir='ltr'><strong>inde</strong></span> <span class='ocrx_word' id='word_1_311' title='bbox 614 2651 744 2738; x_wconf 84' lang='lat' dir='ltr'><strong>profecti</strong></span> <span class='ocrx_word' id='word_1_312' title='bbox 766 2649 1111 2736; x_wconf 78' lang='lat' dir='ltr'><strong>praetergrediebantur</strong></span> <span class='ocrx_word' id='word_1_313' title='bbox 1132 2649 1305 2716; x_wconf 87' lang='lat' dir='ltr'><strong>Galilaeam</strong></span> <span class='ocrx_word' id='word_1_314' title='bbox 1334 2671 1391 2714; x_wconf 91' lang='lat' dir='ltr'><strong>nec</strong></span> <span class='ocrx_word' id='word_1_315' title='bbox 1419 2648 1543 2714; x_wconf 89' lang='lat' dir='ltr'><strong>uolebat</strong></span> <span class='ocrx_word' id='word_1_316' title='bbox 1564 2671 1750 2736; x_wconf 90' lang='lat' dir='ltr'><strong>quemquam</strong></span> <span class='ocrx_word' id='word_1_317' title='bbox 1772 2652 1860 2715; x_wconf 90' lang='lat' dir='ltr'><strong>scire.</strong></span> <span class='ocrx_word' id='word_1_318' title='bbox 1903 2651 1953 2716; x_wconf 88' lang='lat'><strong>31.</strong></span> <span class='ocrx_word' id='word_1_319' title='bbox 1974 2651 2116 2717; x_wconf 86' lang='lat' dir='ltr'><strong>Docebat</strong></span> <span class='ocrx_word' id='word_1_320' title='bbox 2139 2653 2177 2714; x_wconf 91' lang='lat'><strong>10</strong></span> 
     </span>
    </p>
   </div>
   <div class='ocr_carea' id='block_1_13' title="bbox 182 2783 2116 2952">
    <p class='ocr_par' dir='ltr' id='par_1_13' title="bbox 182 2783 2116 2952">
     <span class='ocr_line' id='line_1_23' title="bbox 182 2783 2113 2861; baseline -0.001 -24"><span class='ocrx_word' id='word_1_321' title='bbox 182 2787 280 2837; x_wconf 78' lang='lat' dir='ltr'><strong>wutodi</strong></span> <span class='ocrx_word' id='word_1_322' title='bbox 340 2787 436 2848; x_wconf 66' lang='lat' dir='ltr'><strong>basum</strong></span> <span class='ocrx_word' id='word_1_323' title='bbox 504 2789 543 2836; x_wconf 81' lang='lat' dir='ltr'><strong>his</strong></span> <span class='ocrx_word' id='word_1_324' title='bbox 585 2785 601 2846; x_wconf 88' lang='grc' dir='ltr'><strong><em>Ἰ</em></strong></span> <span class='ocrx_word' id='word_1_325' title='bbox 658 2786 736 2836; x_wconf 69' lang='lat' dir='ltr'><strong>evah</strong></span> <span class='ocrx_word' id='word_1_326' title='bbox 771 2794 797 2836; x_wconf 85' lang='lat' dir='ltr'><strong>to</strong></span> <span class='ocrx_word' id='word_1_327' title='bbox 815 2787 867 2834; x_wconf 88' lang='lat' dir='ltr'><strong>him</strong></span> <span class='ocrx_word' id='word_1_328' title='bbox 926 2783 978 2861; x_wconf 49' lang='lat' dir='ltr'><strong>pte</strong></span> <span class='ocrx_word' id='word_1_329' title='bbox 1053 2799 1120 2834; x_wconf 86' lang='lat' dir='ltr'><strong>sunu</strong></span> <span class='ocrx_word' id='word_1_330' title='bbox 1163 2797 1266 2833; x_wconf 73' lang='lat' dir='ltr'><strong>monne·</strong></span> <span class='ocrx_word' id='word_1_331' title='bbox 1301 2785 1442 2845; x_wconf 65' lang='lat' dir='ltr'><strong>gassldbih</strong></span> <span class='ocrx_word' id='word_1_332' title='bbox 1469 2785 1496 2834; x_wconf 88' lang='lat' dir='ltr'><strong>lu</strong></span> <span class='ocrx_word' id='word_1_333' title='bbox 1541 2786 1608 2834; x_wconf 88' lang='lat' dir='ltr'><strong>hond</strong></span> <span class='ocrx_word' id='word_1_334' title='bbox 1686 2799 1778 2834; x_wconf 85' lang='lat' dir='ltr'><strong>monna</strong></span> <span class='ocrx_word' id='word_1_335' title='bbox 1841 2783 1857 2845; x_wconf 90' lang='grc' dir='ltr'><strong><em>Ἰ</em></strong></span> <span class='ocrx_word' id='word_1_336' title='bbox 1912 2789 1987 2835; x_wconf 82' lang='lat' dir='ltr'><strong>ofslas</strong></span> <span class='ocrx_word' id='word_1_337' title='bbox 2056 2787 2113 2836; x_wconf 86' lang='lat' dir='ltr'><strong>hine</strong></span> 
     </span>
     <span class='ocr_line' id='line_1_24' title="bbox 182 2861 2116 2952; baseline 0.001 -24"><span class='ocrx_word' id='word_1_338' title='bbox 182 2877 283 2930; x_wconf 91' lang='lat' dir='ltr'><strong>autem</strong></span> <span class='ocrx_word' id='word_1_339' title='bbox 306 2865 471 2952; x_wconf 86' lang='lat' dir='ltr'><strong>discipulos</strong></span> <span class='ocrx_word' id='word_1_340' title='bbox 492 2888 564 2930; x_wconf 90' lang='lat' dir='ltr'><strong>suos</strong></span> <span class='ocrx_word' id='word_1_341' title='bbox 583 2877 615 2930; x_wconf 90' lang='lat' dir='ltr'><strong>ct</strong></span> <span class='ocrx_word' id='word_1_342' title='bbox 635 2865 758 2930; x_wconf 87' lang='lat' dir='ltr'><strong>dicebat</strong></span> <span class='ocrx_word' id='word_1_343' title='bbox 789 2863 849 2926; x_wconf 90' lang='lat' dir='ltr'><strong>illis</strong></span> <span class='ocrx_word' id='word_1_344' title='bbox 881 2863 1026 2948; x_wconf 90' lang='lat' dir='ltr'><strong>quoniam</strong></span> <span class='ocrx_word' id='word_1_345' title='bbox 1046 2861 1129 2926; x_wconf 88' lang='lat' dir='ltr'><strong>filius</strong></span> <span class='ocrx_word' id='word_1_346' title='bbox 1149 2863 1283 2926; x_wconf 89' lang='lat' dir='ltr'><strong>hominis</strong></span> <span class='ocrx_word' id='word_1_347' title='bbox 1303 2865 1442 2928; x_wconf 86' lang='lat' dir='ltr'><strong>tradetur</strong></span> <span class='ocrx_word' id='word_1_348' title='bbox 1462 2864 1494 2927; x_wconf 92' lang='lat' dir='ltr'><strong>in</strong></span> <span class='ocrx_word' id='word_1_349' title='bbox 1522 2885 1631 2928; x_wconf 89' lang='lat' dir='ltr'><strong>manus</strong></span> <span class='ocrx_word' id='word_1_350' title='bbox 1653 2863 1813 2928; x_wconf 90' lang='lat' dir='ltr'><strong>hominum</strong></span> <span class='ocrx_word' id='word_1_351' title='bbox 1835 2875 1866 2928; x_wconf 91' lang='lat' dir='ltr'><strong>et</strong></span> <span class='ocrx_word' id='word_1_352' title='bbox 1885 2864 2025 2930; x_wconf 88' lang='lat' dir='ltr'><strong>occident</strong></span> <span class='ocrx_word' id='word_1_353' title='bbox 2045 2887 2116 2930; x_wconf 90' lang='lat' dir='ltr'><strong>eum</strong></span> 
     </span>
    </p>
   </div>
   <div class='ocr_carea' id='block_1_14' title="bbox 184 2994 2116 3163">
    <p class='ocr_par' dir='ltr' id='par_1_14' title="bbox 184 2994 2116 3163">
     <span class='ocr_line' id='line_1_25' title="bbox 190 2994 2108 3076; baseline 0.002 -30"><span class='ocrx_word' id='word_1_354' title='bbox 190 2996 205 3056; x_wconf 94' lang='grc' dir='ltr'><strong><em>Ἰ</em></strong></span> <span class='ocrx_word' id='word_1_355' title='bbox 251 2998 347 3058; x_wconf 72' lang='lat' dir='ltr'><strong>mteey</strong></span> <span class='ocrx_word' id='word_1_356' title='bbox 365 3001 480 3062; x_wconf 69' lang='lat' dir='ltr'><strong>chlagen</strong></span> <span class='ocrx_word' id='word_1_357' title='bbox 497 2999 546 3049; x_wconf 67' lang='lat' dir='ltr'><strong>bis</strong></span> <span class='ocrx_word' id='word_1_358' title='bbox 582 3000 617 3049; x_wconf 74' lang='lat' dir='ltr'><strong>’es</strong></span> <span class='ocrx_word' id='word_1_359' title='bbox 636 3000 711 3049; x_wconf 71' lang='lat' dir='ltr'><strong>hirda</strong></span> <span class='ocrx_word' id='word_1_360' title='bbox 745 2998 812 3059; x_wconf 81' lang='lat' dir='ltr'><strong>dage</strong></span> <span class='ocrx_word' id='word_1_361' title='bbox 847 3001 881 3047; x_wconf 83' lang='lat' dir='ltr'><strong>att</strong></span> <span class='ocrx_word' id='word_1_362' title='bbox 899 3001 975 3048; x_wconf 79' lang='lat' dir='ltr'><strong>arisae</strong></span> <span class='ocrx_word' id='word_1_363' title='bbox 1103 2998 1153 3048; x_wconf 72' lang='lat' dir='ltr'><strong>ach</strong></span> <span class='ocrx_word' id='word_1_364' title='bbox 1190 2999 1236 3046; x_wconf 79' lang='lat' dir='ltr'><strong>hle</strong></span> <span class='ocrx_word' id='word_1_365' title='bbox 1279 3011 1312 3046; x_wconf 88' lang='lat' dir='ltr'><strong>ne</strong></span> <span class='ocrx_word' id='word_1_366' title='bbox 1329 2998 1418 3048; x_wconf 72' lang='lat' dir='ltr'><strong>echon</strong></span> <span class='ocrx_word' id='word_1_367' title='bbox 1481 2994 1545 3062; x_wconf 68' lang='lat' dir='ltr'><strong>[hot</strong></span> <span class='ocrx_word' id='word_1_368' title='bbox 1562 2999 1631 3046; x_wconf 77' lang='lat' dir='ltr'><strong>word</strong></span> <span class='ocrx_word' id='word_1_369' title='bbox 1671 2995 1687 3057; x_wconf 90' lang='grc' dir='ltr'><strong><em>Ἰ</em></strong></span> <span class='ocrx_word' id='word_1_370' title='bbox 1726 2998 1890 3064; x_wconf 80' lang='lat' dir='ltr'><strong>ondresrdonl</strong></span> <span class='ocrx_word' id='word_1_371' title='bbox 1910 3002 1969 3049; x_wconf 84' lang='lat' dir='ltr'><strong>hina</strong></span> <span class='ocrx_word' id='word_1_372' title='bbox 2024 2999 2108 3076; x_wconf 60' lang='lat' dir='ltr'><strong>*phio</strong></span> 
     </span>
     <span class='ocr_line' id='line_1_26' title="bbox 184 3075 2116 3163; baseline 0.001 -23"><span class='ocrx_word' id='word_1_373' title='bbox 184 3087 213 3140; x_wconf 91' lang='lat' dir='ltr'><strong>et</strong></span> <span class='ocrx_word' id='word_1_374' title='bbox 339 3078 456 3142; x_wconf 88' lang='lat' dir='ltr'><strong>occisus</strong></span> <span class='ocrx_word' id='word_1_375' title='bbox 600 3078 690 3143; x_wconf 89' lang='lat' dir='ltr'><strong>tertia</strong></span> <span class='ocrx_word' id='word_1_376' title='bbox 752 3075 803 3140; x_wconf 90' lang='lat' dir='ltr'><strong>die</strong></span> <span class='ocrx_word' id='word_1_377' title='bbox 846 3087 994 3162; x_wconf 85' lang='lat' dir='ltr'><strong>resurget</strong></span> <span class='ocrx_word' id='word_1_378' title='bbox 1037 3077 1088 3141; x_wconf 87' lang='grc'><strong>32.</strong></span> <span class='ocrx_word' id='word_1_379' title='bbox 1110 3077 1157 3141; x_wconf 86' lang='grc' dir='ltr'><strong>Αι</strong></span> <span class='ocrx_word' id='word_1_380' title='bbox 1190 3076 1236 3140; x_wconf 93' lang='lat' dir='ltr'><strong>illi</strong></span> <span class='ocrx_word' id='word_1_381' title='bbox 1265 3077 1450 3163; x_wconf 81' lang='lat' dir='ltr'><strong>ignorabant</strong></span> <span class='ocrx_word' id='word_1_382' title='bbox 1497 3077 1628 3142; x_wconf 91' lang='lat' dir='ltr'><strong>uerbum</strong></span> <span class='ocrx_word' id='word_1_383' title='bbox 1669 3086 1700 3140; x_wconf 89' lang='lat' dir='ltr'><strong>et</strong></span> <span class='ocrx_word' id='word_1_384' title='bbox 1786 3076 1936 3142; x_wconf 86' lang='lat' dir='ltr'><strong>timebant</strong></span> <span class='ocrx_word' id='word_1_385' title='bbox 2024 3079 2116 3144; x_wconf 89' lang='lat' dir='ltr'><strong>inter-</strong></span> 
     </span>
    </p>
   </div>
   <div class='ocr_carea' id='block_1_15' title="bbox 182 3210 2117 3379">
    <p class='ocr_par' dir='ltr' id='par_1_15' title="bbox 182 3210 2117 3379">
     <span class='ocr_line' id='line_1_27' title="bbox 182 3210 2117 3276; baseline 0.002 -16"><span class='ocrx_word' id='word_1_386' title='bbox 182 3214 317 3273; x_wconf 72' lang='lat' dir='ltr'><strong>gitrugnnn</strong></span> <span class='ocrx_word' id='word_1_387' title='bbox 352 3215 410 3262; x_wconf 83' lang='lat' dir='ltr'><strong>hine</strong></span> <span class='ocrx_word' id='word_1_388' title='bbox 548 3210 564 3271; x_wconf 88' lang='grc' dir='ltr'><strong><em>Ἰ</em></strong></span> <span class='ocrx_word' id='word_1_389' title='bbox 626 3224 717 3260; x_wconf 87' lang='lat' dir='ltr'><strong>comnn</strong></span> <span class='ocrx_word' id='word_1_390' title='bbox 793 3219 819 3260; x_wconf 89' lang='grc' dir='ltr'><strong>ιο</strong></span> <span class='ocrx_word' id='word_1_391' title='bbox 838 3211 892 3262; x_wconf 79' lang='lat' dir='ltr'><strong>&#39;tar</strong></span> <span class='ocrx_word' id='word_1_392' title='bbox 907 3214 979 3274; x_wconf 77' lang='lat' dir='ltr'><strong>byrig</strong></span> <span class='ocrx_word' id='word_1_393' title='bbox 1029 3213 1071 3274; x_wconf 70' lang='grc' dir='ltr'><strong>’ὀῳ</strong></span> <span class='ocrx_word' id='word_1_394' title='bbox 1089 3213 1124 3262; x_wconf 74' lang='lat' dir='ltr'><strong>’be</strong></span> <span class='ocrx_word' id='word_1_395' title='bbox 1159 3213 1216 3263; x_wconf 71' lang='lat' dir='ltr'><strong>mih</strong></span> <span class='ocrx_word' id='word_1_396' title='bbox 1226 3213 1264 3274; x_wconf 68' lang='lat' dir='ltr'><strong>’cy</strong></span> <span class='ocrx_word' id='word_1_397' title='bbox 1300 3219 1330 3261; x_wconf 79' lang='lat' dir='ltr'><strong>cet</strong></span> <span class='ocrx_word' id='word_1_398' title='bbox 1348 3213 1409 3261; x_wconf 85' lang='lat' dir='ltr'><strong>husa</strong></span> <span class='ocrx_word' id='word_1_399' title='bbox 1464 3225 1551 3262; x_wconf 72' lang='lat' dir='ltr'><strong>norun</strong></span> <span class='ocrx_word' id='word_1_400' title='bbox 1651 3213 1751 3276; x_wconf 78' lang='lat' dir='ltr'><strong>glhagn</strong></span> <span class='ocrx_word' id='word_1_401' title='bbox 1832 3215 1878 3262; x_wconf 84' lang='lat' dir='ltr'><strong>hia</strong></span> <span class='ocrx_word' id='word_1_402' title='bbox 1913 3215 1985 3264; x_wconf 72' lang='lat' dir='ltr'><strong>hunt</strong></span> <span class='ocrx_word' id='word_1_403' title='bbox 2002 3217 2048 3265; x_wconf 85' lang='lat' dir='ltr'><strong>hia</strong></span> <span class='ocrx_word' id='word_1_404' title='bbox 2085 3231 2117 3266; x_wconf 88' lang='lat' dir='ltr'><strong>on</strong></span> 
     </span>
     <span class='ocr_line' id='line_1_28' title="bbox 183 3290 2116 3379; baseline 0.001 -24"><span class='ocrx_word' id='word_1_405' title='bbox 183 3313 297 3376; x_wconf 83' lang='lat' dir='ltr'><strong>rogare</strong></span> <span class='ocrx_word' id='word_1_406' title='bbox 339 3314 419 3358; x_wconf 91' lang='lat' dir='ltr'><strong>eum.</strong></span> <span class='ocrx_word' id='word_1_407' title='bbox 462 3293 512 3358; x_wconf 91' lang='grc'><strong>33.</strong></span> <span class='ocrx_word' id='word_1_408' title='bbox 534 3291 576 3356; x_wconf 83' lang='grc' dir='ltr'><strong>Ει</strong></span> <span class='ocrx_word' id='word_1_409' title='bbox 595 3301 749 3358; x_wconf 86' lang='lat' dir='ltr'><strong>uenerunt</strong></span> <span class='ocrx_word' id='word_1_410' title='bbox 769 3290 999 3379; x_wconf 82' lang='lat' dir='ltr'><strong>Capharnaum.</strong></span> <span class='ocrx_word' id='word_1_411' title='bbox 1051 3292 1104 3377; x_wconf 90' lang='lat' dir='ltr'><strong>qui</strong></span> <span class='ocrx_word' id='word_1_412' title='bbox 1177 3315 1247 3357; x_wconf 90' lang='lat' dir='ltr'><strong>oum</strong></span> <span class='ocrx_word' id='word_1_413' title='bbox 1315 3292 1399 3357; x_wconf 91' lang='lat' dir='ltr'><strong>domi</strong></span> <span class='ocrx_word' id='word_1_414' title='bbox 1456 3301 1557 3355; x_wconf 85' lang='lat' dir='ltr'><strong>essent</strong></span> <span class='ocrx_word' id='word_1_415' title='bbox 1588 3291 1801 3377; x_wconf 83' lang='lat' dir='ltr'><strong>interrogabat</strong></span> <span class='ocrx_word' id='word_1_416' title='bbox 1827 3314 1879 3357; x_wconf 91' lang='lat' dir='ltr'><strong>ecs</strong></span> <span class='ocrx_word' id='word_1_417' title='bbox 1943 3293 2018 3378; x_wconf 88' lang='lat' dir='ltr'><strong>quid</strong></span> <span class='ocrx_word' id='word_1_418' title='bbox 2084 3297 2116 3357; x_wconf 91' lang='lat' dir='ltr'><strong>in</strong></span> 
     </span>
    </p>
   </div>
   <div class='ocr_carea' id='block_1_16' title="bbox 183 3427 2116 3592">
    <p class='ocr_par' dir='ltr' id='par_1_16' title="bbox 183 3427 2116 3592">
     <span class='ocr_line' id='line_1_29' title="bbox 183 3427 2095 3491; baseline 0.001 -16"><span class='ocrx_word' id='word_1_419' title='bbox 183 3443 264 3491; x_wconf 73' lang='lat' dir='ltr'><strong>wooge</strong></span> <span class='ocrx_word' id='word_1_420' title='bbox 298 3428 449 3491; x_wconf 61' lang='lat' dir='ltr'><strong>mochuda</strong></span> <span class='ocrx_word' id='word_1_421' title='bbox 571 3427 622 3476; x_wconf 74' lang='lat' dir='ltr'><strong>so&#39;h</strong></span> <span class='ocrx_word' id='word_1_422' title='bbox 656 3428 704 3476; x_wconf 76' lang='lat' dir='ltr'><strong>hin</strong></span> <span class='ocrx_word' id='word_1_423' title='bbox 738 3427 867 3490; x_wconf 73' lang='lat' dir='ltr'><strong>suigedun</strong></span> <span class='ocrx_word' id='word_1_424' title='bbox 902 3429 940 3489; x_wconf 70' lang='lat' dir='ltr'><strong>git</strong></span> <span class='ocrx_word' id='word_1_425' title='bbox 997 3430 1051 3476; x_wconf 77' lang='lat' dir='ltr'><strong>hwa</strong></span> <span class='ocrx_word' id='word_1_426' title='bbox 1101 3429 1206 3478; x_wconf 73' lang='lat' dir='ltr'><strong>hltvlon</strong></span> <span class='ocrx_word' id='word_1_427' title='bbox 1241 3429 1293 3476; x_wconf 87' lang='lat' dir='ltr'><strong>blm</strong></span> <span class='ocrx_word' id='word_1_428' title='bbox 1329 3441 1360 3476; x_wconf 86' lang='lat' dir='ltr'><strong>on</strong></span> <span class='ocrx_word' id='word_1_429' title='bbox 1394 3439 1478 3487; x_wconf 75' lang='lat' dir='ltr'><strong>uoege</strong></span> <span class='ocrx_word' id='word_1_430' title='bbox 1570 3427 1681 3488; x_wconf 81' lang='lat' dir='ltr'><strong>giteldun</strong></span> <span class='ocrx_word' id='word_1_431' title='bbox 1752 3428 1790 3488; x_wconf 79' lang='lat' dir='ltr'><strong>gil</strong></span> <span class='ocrx_word' id='word_1_432' title='bbox 1804 3427 1881 3475; x_wconf 79' lang='lat' dir='ltr'><strong>huelo</strong></span> <span class='ocrx_word' id='word_1_433' title='bbox 1916 3441 1978 3476; x_wconf 87' lang='lat' dir='ltr'><strong>were</strong></span> <span class='ocrx_word' id='word_1_434' title='bbox 2032 3428 2095 3477; x_wconf 70' lang='lat' dir='ltr'><strong>³hara</strong></span> 
     </span>
     <span class='ocr_line' id='line_1_30' title="bbox 197 3505 2116 3592; baseline -0.001 -21"><span class='ocrx_word' id='word_1_435' title='bbox 197 3509 247 3571; x_wconf 90' lang='lat' dir='ltr'><strong>uia</strong></span> <span class='ocrx_word' id='word_1_436' title='bbox 271 3506 471 3573; x_wconf 79' lang='lat' dir='ltr'><strong>tractabatis?</strong></span> <span class='ocrx_word' id='word_1_437' title='bbox 498 3507 548 3570; x_wconf 89' lang='lat'><strong>34.</strong></span> <span class='ocrx_word' id='word_1_438' title='bbox 570 3508 617 3572; x_wconf 91' lang='lat' dir='ltr'><strong>At</strong></span> <span class='ocrx_word' id='word_1_439' title='bbox 651 3506 696 3570; x_wconf 92' lang='lat' dir='ltr'><strong>illi</strong></span> <span class='ocrx_word' id='word_1_440' title='bbox 726 3507 870 3572; x_wconf 88' lang='lat' dir='ltr'><strong>tacebant</strong></span> <span class='ocrx_word' id='word_1_441' title='bbox 899 3507 924 3569; x_wconf 89' lang='lat' dir='ltr'><strong>si</strong></span> <span class='ocrx_word' id='word_1_442' title='bbox 960 3506 1085 3592; x_wconf 91' lang='lat' dir='ltr'><strong>quidem</strong></span> <span class='ocrx_word' id='word_1_443' title='bbox 1114 3507 1195 3572; x_wconf 89' lang='lat' dir='ltr'><strong>inter</strong></span> <span class='ocrx_word' id='word_1_444' title='bbox 1246 3529 1279 3571; x_wconf 91' lang='lat' dir='ltr'><strong>se</strong></span> <span class='ocrx_word' id='word_1_445' title='bbox 1326 3507 1358 3570; x_wconf 91' lang='lat' dir='ltr'><strong>in</strong></span> <span class='ocrx_word' id='word_1_446' title='bbox 1410 3507 1461 3570; x_wconf 87' lang='lat' dir='ltr'><strong>uia</strong></span> <span class='ocrx_word' id='word_1_447' title='bbox 1503 3505 1734 3591; x_wconf 82' lang='lat' dir='ltr'><strong>disputauerunt</strong></span> <span class='ocrx_word' id='word_1_448' title='bbox 1782 3506 1850 3589; x_wconf 88' lang='lat' dir='ltr'><strong>quis</strong></span> <span class='ocrx_word' id='word_1_449' title='bbox 1900 3515 1981 3572; x_wconf 91' lang='lat' dir='ltr'><strong>esset</strong></span> <span class='ocrx_word' id='word_1_450' title='bbox 2008 3527 2116 3571; x_wconf 86' lang='lat' dir='ltr'><strong>eorum</strong></span> 
     </span>
    </p>
   </div>
   <div class='ocr_carea' id='block_1_17' title="bbox 183 3638 2178 3806">
    <p class='ocr_par' dir='ltr' id='par_1_17' title="bbox 183 3638 2178 3806">
     <span class='ocr_line' id='line_1_31' title="bbox 183 3638 2116 3704; baseline 0.001 -15"><span class='ocrx_word' id='word_1_451' title='bbox 183 3655 250 3690; x_wconf 79' lang='lat' dir='ltr'><strong>mara</strong></span> <span class='ocrx_word' id='word_1_452' title='bbox 267 3643 279 3690; x_wconf 80' lang='grc' dir='ltr'><strong>ι</strong></span> <span class='ocrx_word' id='word_1_453' title='bbox 297 3650 361 3692; x_wconf 83' lang='lat' dir='ltr'><strong>mast</strong></span> <span class='ocrx_word' id='word_1_454' title='bbox 480 3638 496 3699; x_wconf 88' lang='grc' dir='ltr'><strong><em>Ἰ</em></strong></span> <span class='ocrx_word' id='word_1_455' title='bbox 552 3645 587 3692; x_wconf 86' lang='lat' dir='ltr'><strong>att</strong></span> <span class='ocrx_word' id='word_1_456' title='bbox 604 3649 649 3692; x_wconf 73' lang='lat' dir='ltr'><strong>act</strong></span> <span class='ocrx_word' id='word_1_457' title='bbox 727 3645 796 3704; x_wconf 76' lang='lat' dir='ltr'><strong>giceg</strong></span> <span class='ocrx_word' id='word_1_458' title='bbox 883 3643 964 3691; x_wconf 76' lang='lat' dir='ltr'><strong>tuelle</strong></span> <span class='ocrx_word' id='word_1_459' title='bbox 1032 3640 1048 3701; x_wconf 89' lang='grc' dir='ltr'><strong><em>Ἰ</em></strong></span> <span class='ocrx_word' id='word_1_460' title='bbox 1086 3643 1164 3693; x_wconf 75' lang='lat' dir='ltr'><strong>cwe’b</strong></span> <span class='ocrx_word' id='word_1_461' title='bbox 1199 3649 1225 3693; x_wconf 89' lang='lat' dir='ltr'><strong>to</strong></span> <span class='ocrx_word' id='word_1_462' title='bbox 1244 3645 1296 3692; x_wconf 89' lang='lat' dir='ltr'><strong>him</strong></span> <span class='ocrx_word' id='word_1_463' title='bbox 1332 3643 1457 3704; x_wconf 74' lang='lat' dir='ltr'><strong>gilbus</strong></span> <span class='ocrx_word' id='word_1_464' title='bbox 1491 3643 1560 3690; x_wconf 78' lang='lat' dir='ltr'><strong>wella</strong></span> <span class='ocrx_word' id='word_1_465' title='bbox 1595 3643 1712 3689; x_wconf 81' lang='lat' dir='ltr'><strong>loermsst</strong></span> <span class='ocrx_word' id='word_1_466' title='bbox 1829 3642 1876 3690; x_wconf 76' lang='lat' dir='ltr'><strong>bie</strong></span> <span class='ocrx_word' id='word_1_467' title='bbox 1946 3643 1996 3690; x_wconf 82' lang='lat' dir='ltr'><strong>alra</strong></span> <span class='ocrx_word' id='word_1_468' title='bbox 2073 3645 2116 3691; x_wconf 80' lang='lat' dir='ltr'><strong>lae·</strong></span> 
     </span>
     <span class='ocr_line' id='line_1_32' title="bbox 215 3719 2178 3806; baseline 0.002 -22"><span class='ocrx_word' id='word_1_469' title='bbox 215 3719 321 3784; x_wconf 85' lang='lat' dir='ltr'><strong>maior.</strong></span> <span class='ocrx_word' id='word_1_470' title='bbox 398 3721 449 3785; x_wconf 75' lang='lat'><strong>35.</strong></span> <span class='ocrx_word' id='word_1_471' title='bbox 471 3720 512 3784; x_wconf 86' lang='lat' dir='ltr'><strong>Et</strong></span> <span class='ocrx_word' id='word_1_472' title='bbox 532 3721 670 3786; x_wconf 87' lang='lat' dir='ltr'><strong>residens</strong></span> <span class='ocrx_word' id='word_1_473' title='bbox 702 3723 824 3786; x_wconf 82' lang='lat' dir='ltr'><strong>uocauit</strong></span> <span class='ocrx_word' id='word_1_474' title='bbox 846 3721 1009 3786; x_wconf 89' lang='lat' dir='ltr'><strong>duodecim</strong></span> <span class='ocrx_word' id='word_1_475' title='bbox 1030 3736 1061 3788; x_wconf 92' lang='lat' dir='ltr'><strong>et</strong></span> <span class='ocrx_word' id='word_1_476' title='bbox 1101 3723 1144 3784; x_wconf 89' lang='lat' dir='ltr'><strong>ait</strong></span> <span class='ocrx_word' id='word_1_477' title='bbox 1216 3722 1277 3785; x_wconf 92' lang='lat' dir='ltr'><strong>illis</strong></span> <span class='ocrx_word' id='word_1_478' title='bbox 1338 3723 1363 3785; x_wconf 90' lang='lat' dir='ltr'><strong>si</strong></span> <span class='ocrx_word' id='word_1_479' title='bbox 1395 3722 1463 3806; x_wconf 88' lang='lat' dir='ltr'><strong>quis</strong></span> <span class='ocrx_word' id='word_1_480' title='bbox 1494 3719 1562 3783; x_wconf 90' lang='lat' dir='ltr'><strong>uult</strong></span> <span class='ocrx_word' id='word_1_481' title='bbox 1596 3720 1714 3805; x_wconf 88' lang='lat' dir='ltr'><strong>primus</strong></span> <span class='ocrx_word' id='word_1_482' title='bbox 1737 3739 1803 3783; x_wconf 90' lang='lat' dir='ltr'><strong>esse</strong></span> <span class='ocrx_word' id='word_1_483' title='bbox 1824 3719 1882 3784; x_wconf 91' lang='lat' dir='ltr'><strong>erit</strong></span> <span class='ocrx_word' id='word_1_484' title='bbox 1903 3722 2040 3786; x_wconf 91' lang='lat' dir='ltr'><strong>omnium</strong></span> <span class='ocrx_word' id='word_1_485' title='bbox 2062 3745 2116 3786; x_wconf 93' lang='lat' dir='ltr'><strong>no·</strong></span> <span class='ocrx_word' id='word_1_486' title='bbox 2140 3723 2178 3788; x_wconf 79' lang='lat'><strong>15</strong></span> 
     </span>
    </p>
   </div>
   <div class='ocr_carea' id='block_1_18' title="bbox 186 3869 2117 4039">
    <p class='ocr_par' dir='ltr' id='par_1_18' title="bbox 186 3869 2117 4039">
     <span class='ocr_line' id='line_1_33' title="bbox 218 3869 2110 3947; baseline 0 -27"><span class='ocrx_word' id='word_1_487' title='bbox 218 3878 306 3921; x_wconf 73' lang='lat' dir='ltr'><strong>temese</strong></span> <span class='ocrx_word' id='word_1_488' title='bbox 357 3869 373 3930; x_wconf 91' lang='grc' dir='ltr'><strong><em>Ἰ</em></strong></span> <span class='ocrx_word' id='word_1_489' title='bbox 441 3873 502 3920; x_wconf 77' lang='lat' dir='ltr'><strong>alltc</strong></span> <span class='ocrx_word' id='word_1_490' title='bbox 563 3873 713 3922; x_wconf 87' lang='lat' dir='ltr'><strong>emhihtmoo</strong></span> <span class='ocrx_word' id='word_1_491' title='bbox 833 3871 850 3932; x_wconf 96' lang='grc' dir='ltr'><strong><em>Ἰ</em></strong></span> <span class='ocrx_word' id='word_1_492' title='bbox 913 3877 1004 3936; x_wconf 76' lang='lat' dir='ltr'><strong>ontang</strong></span> <span class='ocrx_word' id='word_1_493' title='bbox 1060 3876 1127 3924; x_wconf 75' lang='lat' dir='ltr'><strong>tione</strong></span> <span class='ocrx_word' id='word_1_494' title='bbox 1146 3877 1224 3924; x_wconf 81' lang='lat' dir='ltr'><strong>cnaht</strong></span> <span class='ocrx_word' id='word_1_495' title='bbox 1258 3881 1352 3936; x_wconf 79' lang='lat' dir='ltr'><strong>gesettc</strong></span> <span class='ocrx_word' id='word_1_496' title='bbox 1386 3874 1444 3922; x_wconf 84' lang='lat' dir='ltr'><strong>hine</strong></span> <span class='ocrx_word' id='word_1_497' title='bbox 1479 3875 1505 3921; x_wconf 87' lang='lat' dir='ltr'><strong>in</strong></span> <span class='ocrx_word' id='word_1_498' title='bbox 1540 3869 1653 3920; x_wconf 79' lang='lat' dir='ltr'><strong>mitidum</strong></span> <span class='ocrx_word' id='word_1_499' title='bbox 1698 3872 1766 3920; x_wconf 89' lang='lat' dir='ltr'><strong>hiora</strong></span> <span class='ocrx_word' id='word_1_500' title='bbox 1809 3873 1895 3922; x_wconf 68' lang='lat' dir='ltr'><strong>houna</strong></span> <span class='ocrx_word' id='word_1_501' title='bbox 1944 3872 1995 3947; x_wconf 61' lang='lat' dir='ltr'><strong>fta</strong></span> <span class='ocrx_word' id='word_1_502' title='bbox 2048 3875 2110 3922; x_wconf 91' lang='lat' dir='ltr'><strong>clio-</strong></span> 
     </span>
     <span class='ocr_line' id='line_1_34' title="bbox 186 3950 2117 4039; baseline 0.001 -24"><span class='ocrx_word' id='word_1_503' title='bbox 186 3952 327 4016; x_wconf 88' lang='lat' dir='ltr'><strong>uissimus</strong></span> <span class='ocrx_word' id='word_1_504' title='bbox 349 3961 379 4015; x_wconf 87' lang='lat' dir='ltr'><strong>et</strong></span> <span class='ocrx_word' id='word_1_505' title='bbox 399 3950 536 4015; x_wconf 89' lang='lat' dir='ltr'><strong>omnium</strong></span> <span class='ocrx_word' id='word_1_506' title='bbox 564 3951 711 4015; x_wconf 86' lang='lat' dir='ltr'><strong>minister.</strong></span> <span class='ocrx_word' id='word_1_507' title='bbox 754 3951 804 4014; x_wconf 85' lang='lat'><strong>36.</strong></span> <span class='ocrx_word' id='word_1_508' title='bbox 825 3950 867 4014; x_wconf 87' lang='lat' dir='ltr'><strong>Et</strong></span> <span class='ocrx_word' id='word_1_509' title='bbox 886 3953 1039 4039; x_wconf 89' lang='lat' dir='ltr'><strong>accipiens</strong></span> <span class='ocrx_word' id='word_1_510' title='bbox 1080 3974 1210 4039; x_wconf 90' lang='lat' dir='ltr'><strong>puerum</strong></span> <span class='ocrx_word' id='word_1_511' title='bbox 1257 3954 1363 4017; x_wconf 90' lang='lat' dir='ltr'><strong>statuit</strong></span> <span class='ocrx_word' id='word_1_512' title='bbox 1384 3973 1454 4018; x_wconf 90' lang='lat' dir='ltr'><strong>eum</strong></span> <span class='ocrx_word' id='word_1_513' title='bbox 1477 3952 1506 4013; x_wconf 90' lang='lat' dir='ltr'><strong>in</strong></span> <span class='ocrx_word' id='word_1_514' title='bbox 1541 3951 1645 4015; x_wconf 89' lang='lat' dir='ltr'><strong>medio</strong></span> <span class='ocrx_word' id='word_1_515' title='bbox 1672 3971 1779 4014; x_wconf 89' lang='lat' dir='ltr'><strong>corum</strong></span> <span class='ocrx_word' id='word_1_516' title='bbox 1805 3973 1897 4036; x_wconf 89' lang='lat' dir='ltr'><strong>quem</strong></span> <span class='ocrx_word' id='word_1_517' title='bbox 1933 3973 2003 4015; x_wconf 91' lang='lat' dir='ltr'><strong>oum</strong></span> <span class='ocrx_word' id='word_1_518' title='bbox 2036 3975 2117 4016; x_wconf 88' lang='lat' dir='ltr'><strong>com·</strong></span> 
     </span>
    </p>
   </div>
   <div class='ocr_carea' id='block_1_19' title="bbox 185 4102 2119 4271">
    <p class='ocr_par' dir='ltr' id='par_1_19' title="bbox 185 4102 2119 4271">
     <span class='ocr_line' id='line_1_35' title="bbox 202 4102 2118 4168; baseline -0.001 -14"><span class='ocrx_word' id='word_1_519' title='bbox 202 4106 283 4168; x_wconf 85' lang='lat' dir='ltr'><strong>pende</strong></span> <span class='ocrx_word' id='word_1_520' title='bbox 325 4117 388 4152; x_wconf 80' lang='lat' dir='ltr'><strong>were</strong></span> <span class='ocrx_word' id='word_1_521' title='bbox 423 4103 502 4153; x_wconf 62' lang='grc' dir='ltr'><strong>οπο</strong></span> <span class='ocrx_word' id='word_1_522' title='bbox 536 4111 562 4152; x_wconf 90' lang='grc' dir='ltr'><strong>ιο</strong></span> <span class='ocrx_word' id='word_1_523' title='bbox 580 4103 633 4152; x_wconf 87' lang='lat' dir='ltr'><strong>him</strong></span> <span class='ocrx_word' id='word_1_524' title='bbox 753 4116 803 4151; x_wconf 81' lang='lat' dir='ltr'><strong>sua</strong></span> <span class='ocrx_word' id='word_1_525' title='bbox 820 4103 898 4151; x_wconf 76' lang='lat' dir='ltr'><strong>hoelo</strong></span> <span class='ocrx_word' id='word_1_526' title='bbox 954 4119 984 4152; x_wconf 85' lang='lat' dir='ltr'><strong>an</strong></span> <span class='ocrx_word' id='word_1_527' title='bbox 1044 4106 1071 4154; x_wconf 83' lang='lat' dir='ltr'><strong>ol</strong></span> <span class='ocrx_word' id='word_1_528' title='bbox 1134 4103 1236 4154; x_wconf 66' lang='lat' dir='ltr'><strong>buslicu</strong></span> <span class='ocrx_word' id='word_1_529' title='bbox 1297 4102 1420 4166; x_wconf 75' lang='lat' dir='ltr'><strong>cnenhtes</strong></span> <span class='ocrx_word' id='word_1_530' title='bbox 1475 4102 1571 4152; x_wconf 74' lang='lat' dir='ltr'><strong>ontoe’h</strong></span> <span class='ocrx_word' id='word_1_531' title='bbox 1615 4115 1648 4151; x_wconf 88' lang='lat' dir='ltr'><strong>on</strong></span> <span class='ocrx_word' id='word_1_532' title='bbox 1690 4115 1765 4152; x_wconf 87' lang='lat' dir='ltr'><strong>noma</strong></span> <span class='ocrx_word' id='word_1_533' title='bbox 1809 4105 1905 4153; x_wconf 82' lang='lat' dir='ltr'><strong>minum</strong></span> <span class='ocrx_word' id='word_1_534' title='bbox 1939 4117 1993 4152; x_wconf 88' lang='lat' dir='ltr'><strong>mac</strong></span> <span class='ocrx_word' id='word_1_535' title='bbox 2022 4103 2118 4152; x_wconf 70' lang='lat' dir='ltr'><strong>onfoe’h</strong></span> 
     </span>
     <span class='ocr_line' id='line_1_36' title="bbox 185 4180 2119 4271; baseline -0.001 -24"><span class='ocrx_word' id='word_1_536' title='bbox 185 4183 296 4270; x_wconf 84' lang='lat' dir='ltr'><strong>plexus</strong></span> <span class='ocrx_word' id='word_1_537' title='bbox 317 4193 397 4248; x_wconf 88' lang='lat' dir='ltr'><strong>esset</strong></span> <span class='ocrx_word' id='word_1_538' title='bbox 436 4182 479 4245; x_wconf 92' lang='lat' dir='ltr'><strong>ait</strong></span> <span class='ocrx_word' id='word_1_539' title='bbox 554 4181 615 4246; x_wconf 93' lang='lat' dir='ltr'><strong>illis</strong></span> <span class='ocrx_word' id='word_1_540' title='bbox 677 4183 728 4246; x_wconf 79' lang='lat'><strong>37.</strong></span> <span class='ocrx_word' id='word_1_541' title='bbox 756 4181 894 4268; x_wconf 90' lang='lat' dir='ltr'><strong>quisquis</strong></span> <span class='ocrx_word' id='word_1_542' title='bbox 916 4203 1013 4248; x_wconf 89' lang='lat' dir='ltr'><strong>unum</strong></span> <span class='ocrx_word' id='word_1_543' title='bbox 1033 4205 1071 4247; x_wconf 85' lang='lat' dir='ltr'><strong>ex</strong></span> <span class='ocrx_word' id='word_1_544' title='bbox 1094 4183 1270 4249; x_wconf 89' lang='lat' dir='ltr'><strong>huiusmodi</strong></span> <span class='ocrx_word' id='word_1_545' title='bbox 1301 4183 1405 4271; x_wconf 87' lang='lat' dir='ltr'><strong>pueris</strong></span> <span class='ocrx_word' id='word_1_546' title='bbox 1438 4180 1590 4268; x_wconf 81' lang='lat' dir='ltr'><strong>receperit</strong></span> <span class='ocrx_word' id='word_1_547' title='bbox 1615 4181 1648 4242; x_wconf 92' lang='lat' dir='ltr'><strong>in</strong></span> <span class='ocrx_word' id='word_1_548' title='bbox 1669 4181 1794 4245; x_wconf 90' lang='lat' dir='ltr'><strong>nomine</strong></span> <span class='ocrx_word' id='word_1_549' title='bbox 1824 4203 1894 4246; x_wconf 90' lang='lat' dir='ltr'><strong>meo</strong></span> <span class='ocrx_word' id='word_1_550' title='bbox 1939 4203 1990 4246; x_wconf 90' lang='lat' dir='ltr'><strong>me</strong></span> <span class='ocrx_word' id='word_1_551' title='bbox 2011 4182 2119 4268; x_wconf 89' lang='lat' dir='ltr'><strong>recipit</strong></span> 
     </span>
    </p>
   </div>
   <div class='ocr_carea' id='block_1_20' title="bbox 186 4330 2119 4501">
    <p class='ocr_par' dir='ltr' id='par_1_20' title="bbox 186 4330 2119 4501">
     <span class='ocr_line' id='line_1_37' title="bbox 193 4330 2119 4393; baseline 0 -11"><span class='ocrx_word' id='word_1_552' title='bbox 193 4332 210 4393; x_wconf 89' lang='grc' dir='ltr'><strong><em>Ἰ</em></strong></span> <span class='ocrx_word' id='word_1_553' title='bbox 246 4348 296 4383; x_wconf 79' lang='lat' dir='ltr'><strong>sua</strong></span> <span class='ocrx_word' id='word_1_554' title='bbox 312 4335 366 4382; x_wconf 78' lang='lat' dir='ltr'><strong>hwa</strong></span> <span class='ocrx_word' id='word_1_555' title='bbox 382 4349 433 4384; x_wconf 78' lang='lat' dir='ltr'><strong>sua</strong></span> <span class='ocrx_word' id='word_1_556' title='bbox 467 4349 520 4384; x_wconf 83' lang='lat' dir='ltr'><strong>inec</strong></span> <span class='ocrx_word' id='word_1_557' title='bbox 577 4335 672 4386; x_wconf 75' lang='lat' dir='ltr'><strong>ouloe&#39;b</strong></span> <span class='ocrx_word' id='word_1_558' title='bbox 743 4349 773 4384; x_wconf 87' lang='lat' dir='ltr'><strong>ne</strong></span> <span class='ocrx_word' id='word_1_559' title='bbox 814 4349 867 4384; x_wconf 87' lang='lat' dir='ltr'><strong>mec</strong></span> <span class='ocrx_word' id='word_1_560' title='bbox 912 4336 1006 4386; x_wconf 68' lang='lat' dir='ltr'><strong>ontos&#39;d</strong></span> <span class='ocrx_word' id='word_1_561' title='bbox 1052 4338 1082 4384; x_wconf 80' lang='lat' dir='ltr'><strong>ah</strong></span> <span class='ocrx_word' id='word_1_562' title='bbox 1120 4337 1186 4386; x_wconf 68' lang='lat' dir='ltr'><strong>hene</strong></span> <span class='ocrx_word' id='word_1_563' title='bbox 1221 4337 1284 4386; x_wconf 68' lang='lat' dir='ltr'><strong>rahe</strong></span> <span class='ocrx_word' id='word_1_564' title='bbox 1318 4349 1371 4384; x_wconf 87' lang='lat' dir='ltr'><strong>meo</strong></span> <span class='ocrx_word' id='word_1_565' title='bbox 1388 4336 1464 4384; x_wconf 84' lang='lat' dir='ltr'><strong>aenda</strong></span> <span class='ocrx_word' id='word_1_566' title='bbox 1590 4330 1744 4392; x_wconf 66' lang='lat' dir='ltr'><strong>aljanonds</strong></span> <span class='ocrx_word' id='word_1_567' title='bbox 1772 4333 1823 4381; x_wconf 88' lang='lat' dir='ltr'><strong>him</strong></span> <span class='ocrx_word' id='word_1_568' title='bbox 1887 4335 1929 4384; x_wconf 87' lang='lat' dir='ltr'><strong>ioh</strong></span> <span class='ocrx_word' id='word_1_569' title='bbox 1982 4334 2119 4384; x_wconf 66' lang='lat' dir='ltr'><strong>evehenda</strong></span> 
     </span>
     <span class='ocr_line' id='line_1_38' title="bbox 186 4410 2106 4501; baseline 0 -25"><span class='ocrx_word' id='word_1_570' title='bbox 186 4425 217 4476; x_wconf 93' lang='lat' dir='ltr'><strong>et</strong></span> <span class='ocrx_word' id='word_1_571' title='bbox 249 4413 424 4498; x_wconf 90' lang='lat' dir='ltr'><strong>quicunque</strong></span> <span class='ocrx_word' id='word_1_572' title='bbox 468 4434 519 4477; x_wconf 90' lang='lat' dir='ltr'><strong>me</strong></span> <span class='ocrx_word' id='word_1_573' title='bbox 539 4413 706 4499; x_wconf 77' lang='lat' dir='ltr'><strong>sirsceperit</strong></span> <span class='ocrx_word' id='word_1_574' title='bbox 726 4435 788 4477; x_wconf 90' lang='lat' dir='ltr'><strong>non</strong></span> <span class='ocrx_word' id='word_1_575' title='bbox 816 4435 866 4478; x_wconf 90' lang='lat' dir='ltr'><strong>me</strong></span> <span class='ocrx_word' id='word_1_576' title='bbox 892 4415 1017 4501; x_wconf 87' lang='lat' dir='ltr'><strong>suscipit</strong></span> <span class='ocrx_word' id='word_1_577' title='bbox 1036 4415 1091 4479; x_wconf 90' lang='lat' dir='ltr'><strong>sed</strong></span> <span class='ocrx_word' id='word_1_578' title='bbox 1116 4437 1186 4480; x_wconf 89' lang='lat' dir='ltr'><strong>eum</strong></span> <span class='ocrx_word' id='word_1_579' title='bbox 1220 4416 1273 4501; x_wconf 92' lang='lat' dir='ltr'><strong>qui</strong></span> <span class='ocrx_word' id='word_1_580' title='bbox 1309 4415 1392 4478; x_wconf 90' lang='lat' dir='ltr'><strong>misit</strong></span> <span class='ocrx_word' id='word_1_581' title='bbox 1404 4433 1464 4478; x_wconf 91' lang='lat' dir='ltr'><strong>me.</strong></span> <span class='ocrx_word' id='word_1_582' title='bbox 1506 4413 1556 4476; x_wconf 84' lang='lat'><strong>38.</strong></span> <span class='ocrx_word' id='word_1_583' title='bbox 1577 4410 1750 4498; x_wconf 88' lang='lat' dir='ltr'><strong>Respondit</strong></span> <span class='ocrx_word' id='word_1_584' title='bbox 1769 4411 1815 4475; x_wconf 93' lang='lat' dir='ltr'><strong>illi</strong></span> <span class='ocrx_word' id='word_1_585' title='bbox 1836 4412 1970 4480; x_wconf 89' lang='lat' dir='ltr'><strong>Ioannes</strong></span> <span class='ocrx_word' id='word_1_586' title='bbox 2001 4413 2106 4478; x_wconf 88' lang='lat' dir='ltr'><strong>dicens</strong></span> 
     </span>
    </p>
   </div>
   <div class='ocr_carea' id='block_1_21' title="bbox 186 4562 2117 4731">
    <p class='ocr_par' dir='ltr' id='par_1_21' title="bbox 186 4562 2117 4731">
     <span class='ocr_line' id='line_1_39' title="bbox 203 4562 2083 4630; baseline 0.001 -16"><span class='ocrx_word' id='word_1_587' title='bbox 203 4568 309 4615; x_wconf 79' lang='lat' dir='ltr'><strong>lslnrua</strong></span> <span class='ocrx_word' id='word_1_588' title='bbox 357 4567 506 4626; x_wconf 75' lang='lat' dir='ltr'><strong>wegtsegon</strong></span> <span class='ocrx_word' id='word_1_589' title='bbox 540 4565 682 4616; x_wconf 72' lang='lat' dir='ltr'><strong>cumeobra</strong></span> <span class='ocrx_word' id='word_1_590' title='bbox 718 4579 750 4614; x_wconf 88' lang='lat' dir='ltr'><strong>on</strong></span> <span class='ocrx_word' id='word_1_591' title='bbox 803 4579 877 4614; x_wconf 80' lang='lat' dir='ltr'><strong>noma</strong></span> <span class='ocrx_word' id='word_1_592' title='bbox 920 4565 1012 4615; x_wconf 75' lang='lat' dir='ltr'><strong>einum</strong></span> <span class='ocrx_word' id='word_1_593' title='bbox 1052 4569 1187 4630; x_wconf 76' lang='lat' dir='ltr'><strong>tomorpsn</strong></span> <span class='ocrx_word' id='word_1_594' title='bbox 1229 4566 1413 4616; x_wconf 64' lang='lat' dir='ltr'><strong>mibdiowlum</strong></span> <span class='ocrx_word' id='word_1_595' title='bbox 1453 4563 1516 4613; x_wconf 71' lang='lat' dir='ltr'><strong>sabe</strong></span> <span class='ocrx_word' id='word_1_596' title='bbox 1557 4577 1588 4613; x_wconf 88' lang='lat' dir='ltr'><strong>ne</strong></span> <span class='ocrx_word' id='word_1_597' title='bbox 1658 4564 1735 4625; x_wconf 76' lang='lat' dir='ltr'><strong>lylges</strong></span> <span class='ocrx_word' id='word_1_598' title='bbox 1797 4579 1827 4613; x_wconf 84' lang='lat' dir='ltr'><strong>us</strong></span> <span class='ocrx_word' id='word_1_599' title='bbox 1869 4562 1885 4624; x_wconf 88' lang='grc' dir='ltr'><strong><em>Ἰ</em></strong></span> <span class='ocrx_word' id='word_1_600' title='bbox 1958 4568 2083 4616; x_wconf 81' lang='lat' dir='ltr'><strong>forbudnn</strong></span> 
     </span>
     <span class='ocr_line' id='line_1_40' title="bbox 186 4643 2117 4731; baseline -0.001 -21"><span class='ocrx_word' id='word_1_601' title='bbox 186 4645 333 4731; x_wconf 82' lang='lat' dir='ltr'><strong>magister</strong></span> <span class='ocrx_word' id='word_1_602' title='bbox 370 4643 501 4708; x_wconf 90' lang='lat' dir='ltr'><strong>uidimus</strong></span> <span class='ocrx_word' id='word_1_603' title='bbox 535 4645 689 4728; x_wconf 89' lang='lat' dir='ltr'><strong>quendam</strong></span> <span class='ocrx_word' id='word_1_604' title='bbox 718 4644 750 4706; x_wconf 92' lang='lat' dir='ltr'><strong>in</strong></span> <span class='ocrx_word' id='word_1_605' title='bbox 772 4643 897 4708; x_wconf 88' lang='lat' dir='ltr'><strong>nomine</strong></span> <span class='ocrx_word' id='word_1_606' title='bbox 937 4655 990 4706; x_wconf 93' lang='lat' dir='ltr'><strong>tuo</strong></span> <span class='ocrx_word' id='word_1_607' title='bbox 1033 4644 1203 4708; x_wconf 85' lang='lat' dir='ltr'><strong>elicientem</strong></span> <span class='ocrx_word' id='word_1_608' title='bbox 1237 4643 1398 4709; x_wconf 89' lang='lat' dir='ltr'><strong>daemonia</strong></span> <span class='ocrx_word' id='word_1_609' title='bbox 1451 4645 1502 4728; x_wconf 92' lang='lat' dir='ltr'><strong>qui</strong></span> <span class='ocrx_word' id='word_1_610' title='bbox 1533 4665 1594 4706; x_wconf 92' lang='lat' dir='ltr'><strong>non</strong></span> <span class='ocrx_word' id='word_1_611' title='bbox 1617 4643 1756 4728; x_wconf 88' lang='lat' dir='ltr'><strong>sequitur</strong></span> <span class='ocrx_word' id='word_1_612' title='bbox 1777 4665 1832 4707; x_wconf 90' lang='lat' dir='ltr'><strong>nos</strong></span> <span class='ocrx_word' id='word_1_613' title='bbox 1855 4653 1885 4708; x_wconf 93' lang='lat' dir='ltr'><strong>et</strong></span> <span class='ocrx_word' id='word_1_614' title='bbox 1906 4647 2117 4731; x_wconf 89' lang='lat' dir='ltr'><strong>prohibuimus</strong></span> 
     </span>
    </p>
   </div>
   <div class='ocr_carea' id='block_1_22' title="bbox 187 4793 2178 4962">
    <p class='ocr_par' dir='ltr' id='par_1_22' title="bbox 187 4793 2178 4962">
     <span class='ocr_line' id='line_1_41' title="bbox 187 4793 2092 4859; baseline -0.001 -13"><span class='ocrx_word' id='word_1_615' title='bbox 187 4799 238 4846; x_wconf 84' lang='lat' dir='ltr'><strong>him</strong></span> <span class='ocrx_word' id='word_1_616' title='bbox 382 4793 416 4842; x_wconf 71' lang='lat' dir='ltr'><strong>&#39;ta</strong></span> <span class='ocrx_word' id='word_1_617' title='bbox 438 4797 485 4844; x_wconf 79' lang='lat' dir='ltr'><strong>hiet</strong></span> <span class='ocrx_word' id='word_1_618' title='bbox 520 4797 655 4846; x_wconf 75' lang='lat' dir='ltr'><strong>uutudfioe</strong></span> <span class='ocrx_word' id='word_1_619' title='bbox 690 4797 768 4846; x_wconf 70' lang='lat' dir='ltr'><strong>caah</strong></span> <span class='ocrx_word' id='word_1_620' title='bbox 803 4797 930 4857; x_wconf 77' lang='lat' dir='ltr'><strong>undergo</strong></span> <span class='ocrx_word' id='word_1_621' title='bbox 969 4797 1087 4846; x_wconf 68' lang='lat' dir='ltr'><strong>sorbenda</strong></span> <span class='ocrx_word' id='word_1_622' title='bbox 1142 4798 1192 4846; x_wconf 85' lang='lat' dir='ltr'><strong>him</strong></span> <span class='ocrx_word' id='word_1_623' title='bbox 1228 4811 1343 4859; x_wconf 80' lang='lat' dir='ltr'><strong>nangum</strong></span> <span class='ocrx_word' id='word_1_624' title='bbox 1377 4800 1398 4846; x_wconf 84' lang='lat' dir='ltr'><strong>ts</strong></span> <span class='ocrx_word' id='word_1_625' title='bbox 1432 4797 1525 4847; x_wconf 69' lang='lat' dir='ltr'><strong>tesbon</strong></span> <span class='ocrx_word' id='word_1_626' title='bbox 1558 4795 1621 4844; x_wconf 74' lang='lat' dir='ltr'><strong>seha</strong></span> <span class='ocrx_word' id='word_1_627' title='bbox 1667 4794 1736 4844; x_wconf 76' lang='lat' dir='ltr'><strong>doce</strong></span> <span class='ocrx_word' id='word_1_628' title='bbox 1797 4797 1884 4846; x_wconf 77' lang='lat' dir='ltr'><strong>mahte</strong></span> <span class='ocrx_word' id='word_1_629' title='bbox 1934 4809 1967 4846; x_wconf 91' lang='lat' dir='ltr'><strong>on</strong></span> <span class='ocrx_word' id='word_1_630' title='bbox 2018 4809 2092 4844; x_wconf 88' lang='lat' dir='ltr'><strong>noma</strong></span> 
     </span>
     <span class='ocr_line' id='line_1_42' title="bbox 188 4872 2178 4962; baseline -0.001 -22"><span class='ocrx_word' id='word_1_631' title='bbox 188 4897 267 4940; x_wconf 89' lang='lat' dir='ltr'><strong>eum.</strong></span> <span class='ocrx_word' id='word_1_632' title='bbox 310 4874 360 4938; x_wconf 85' lang='lat'><strong>39.</strong></span> <span class='ocrx_word' id='word_1_633' title='bbox 389 4873 477 4940; x_wconf 85' lang='lat' dir='ltr'><strong>Iesus</strong></span> <span class='ocrx_word' id='word_1_634' title='bbox 537 4885 641 4940; x_wconf 89' lang='lat' dir='ltr'><strong>autem</strong></span> <span class='ocrx_word' id='word_1_635' title='bbox 709 4875 752 4938; x_wconf 88' lang='lat' dir='ltr'><strong>ait</strong></span> <span class='ocrx_word' id='word_1_636' title='bbox 821 4875 916 4940; x_wconf 86' lang='lat' dir='ltr'><strong>nolite</strong></span> <span class='ocrx_word' id='word_1_637' title='bbox 948 4875 1113 4962; x_wconf 87' lang='lat' dir='ltr'><strong>prohibere</strong></span> <span class='ocrx_word' id='word_1_638' title='bbox 1133 4897 1214 4940; x_wconf 90' lang='lat' dir='ltr'><strong>eum.</strong></span> <span class='ocrx_word' id='word_1_639' title='bbox 1242 4897 1333 4942; x_wconf 90' lang='lat' dir='ltr'><strong>nemo</strong></span> <span class='ocrx_word' id='word_1_640' title='bbox 1370 4886 1417 4940; x_wconf 90' lang='lat' dir='ltr'><strong>est</strong></span> <span class='ocrx_word' id='word_1_641' title='bbox 1438 4875 1520 4939; x_wconf 90' lang='lat' dir='ltr'><strong>enim</strong></span> <span class='ocrx_word' id='word_1_642' title='bbox 1569 4872 1622 4957; x_wconf 91' lang='lat' dir='ltr'><strong>qui</strong></span> <span class='ocrx_word' id='word_1_643' title='bbox 1651 4873 1743 4936; x_wconf 82' lang='lat' dir='ltr'><strong>faciat</strong></span> <span class='ocrx_word' id='word_1_644' title='bbox 1763 4873 1907 4938; x_wconf 85' lang='lat' dir='ltr'><strong>uirtutem</strong></span> <span class='ocrx_word' id='word_1_645' title='bbox 1936 4875 1967 4936; x_wconf 92' lang='lat' dir='ltr'><strong>in</strong></span> <span class='ocrx_word' id='word_1_646' title='bbox 1992 4872 2116 4937; x_wconf 92' lang='lat' dir='ltr'><strong>nomine</strong></span> <span class='ocrx_word' id='word_1_647' title='bbox 2136 4873 2178 4938; x_wconf 91' lang='grc'><strong>20</strong></span> 
     </span>
    </p>
   </div>
   <div class='ocr_carea' id='block_1_23' title="bbox 188 5024 2116 5191">
    <p class='ocr_par' dir='ltr' id='par_1_23' title="bbox 188 5024 2116 5191">
     <span class='ocr_line' id='line_1_43' title="bbox 188 5024 2099 5091; baseline -0.001 -16"><span class='ocrx_word' id='word_1_648' title='bbox 188 5027 276 5090; x_wconf 75' lang='lat' dir='ltr'><strong>minuit</strong></span> <span class='ocrx_word' id='word_1_649' title='bbox 309 5024 325 5084; x_wconf 82' lang='grc' dir='ltr'><strong><em>Ἰ</em></strong></span> <span class='ocrx_word' id='word_1_650' title='bbox 362 5039 437 5088; x_wconf 72' lang='lat' dir='ltr'><strong>mega</strong></span> <span class='ocrx_word' id='word_1_651' title='bbox 472 5040 560 5076; x_wconf 81' lang='lat' dir='ltr'><strong>racana</strong></span> <span class='ocrx_word' id='word_1_652' title='bbox 594 5029 645 5088; x_wconf 81' lang='lat' dir='ltr'><strong>ylla</strong></span> <span class='ocrx_word' id='word_1_653' title='bbox 679 5042 781 5091; x_wconf 86' lang='lat' dir='ltr'><strong>spreooa</strong></span> <span class='ocrx_word' id='word_1_654' title='bbox 816 5030 842 5076; x_wconf 84' lang='lat' dir='ltr'><strong>ot</strong></span> <span class='ocrx_word' id='word_1_655' title='bbox 881 5043 919 5075; x_wconf 88' lang='lat' dir='ltr'><strong>ma</strong></span> <span class='ocrx_word' id='word_1_656' title='bbox 1044 5028 1106 5078; x_wconf 72' lang='lat' dir='ltr'><strong>sebe</strong></span> <span class='ocrx_word' id='word_1_657' title='bbox 1142 5029 1235 5078; x_wconf 73' lang='lat' dir='ltr'><strong>lothen</strong></span> <span class='ocrx_word' id='word_1_658' title='bbox 1270 5041 1302 5078; x_wconf 89' lang='lat' dir='ltr'><strong>na</strong></span> <span class='ocrx_word' id='word_1_659' title='bbox 1349 5031 1370 5076; x_wconf 87' lang='lat' dir='ltr'><strong>is</strong></span> <span class='ocrx_word' id='word_1_660' title='bbox 1462 5025 1516 5074; x_wconf 62' lang='lat' dir='ltr'><strong>wib</strong></span> <span class='ocrx_word' id='word_1_661' title='bbox 1582 5039 1634 5074; x_wconf 65' lang='grc' dir='ltr'><strong>οοο</strong></span> <span class='ocrx_word' id='word_1_662' title='bbox 1670 5027 1721 5073; x_wconf 87' lang='lat' dir='ltr'><strong>lore</strong></span> <span class='ocrx_word' id='word_1_663' title='bbox 1761 5027 1808 5074; x_wconf 81' lang='lat' dir='ltr'><strong>tow</strong></span> <span class='ocrx_word' id='word_1_664' title='bbox 1862 5027 1883 5073; x_wconf 87' lang='lat' dir='ltr'><strong>ie</strong></span> <span class='ocrx_word' id='word_1_665' title='bbox 2050 5039 2099 5073; x_wconf 82' lang='lat' dir='ltr'><strong>sua</strong></span> 
     </span>
     <span class='ocr_line' id='line_1_44' title="bbox 189 5103 2116 5191; baseline 0.001 -23"><span class='ocrx_word' id='word_1_666' title='bbox 189 5126 258 5168; x_wconf 91' lang='lat' dir='ltr'><strong>mco</strong></span> <span class='ocrx_word' id='word_1_667' title='bbox 300 5117 331 5168; x_wconf 90' lang='lat' dir='ltr'><strong>et</strong></span> <span class='ocrx_word' id='word_1_668' title='bbox 357 5105 453 5191; x_wconf 91' lang='lat' dir='ltr'><strong>possit</strong></span> <span class='ocrx_word' id='word_1_669' title='bbox 487 5105 546 5168; x_wconf 90' lang='lat' dir='ltr'><strong>cito</strong></span> <span class='ocrx_word' id='word_1_670' title='bbox 582 5104 663 5170; x_wconf 86' lang='lat' dir='ltr'><strong>male</strong></span> <span class='ocrx_word' id='word_1_671' title='bbox 690 5103 776 5190; x_wconf 90' lang='lat' dir='ltr'><strong>loqui</strong></span> <span class='ocrx_word' id='word_1_672' title='bbox 806 5105 845 5170; x_wconf 93' lang='lat' dir='ltr'><strong>de</strong></span> <span class='ocrx_word' id='word_1_673' title='bbox 873 5127 931 5171; x_wconf 89' lang='lat' dir='ltr'><strong>me.</strong></span> <span class='ocrx_word' id='word_1_674' title='bbox 975 5109 1025 5170; x_wconf 87' lang='grc'><strong>40.</strong></span> <span class='ocrx_word' id='word_1_675' title='bbox 1048 5105 1111 5184; x_wconf 81' lang='lat' dir='ltr'><strong>Qui</strong></span> <span class='ocrx_word' id='word_1_676' title='bbox 1145 5108 1228 5171; x_wconf 88' lang='lat' dir='ltr'><strong>enirn</strong></span> <span class='ocrx_word' id='word_1_677' title='bbox 1250 5131 1312 5173; x_wconf 92' lang='lat' dir='ltr'><strong>non</strong></span> <span class='ocrx_word' id='word_1_678' title='bbox 1334 5117 1380 5170; x_wconf 85' lang='lat' dir='ltr'><strong>cst</strong></span> <span class='ocrx_word' id='word_1_679' title='bbox 1400 5105 1563 5169; x_wconf 52' lang='lat' dir='ltr'><strong>&amp;uersum</strong></span> <span class='ocrx_word' id='word_1_680' title='bbox 1585 5126 1640 5168; x_wconf 91' lang='lat' dir='ltr'><strong>uos</strong></span> <span class='ocrx_word' id='word_1_681' title='bbox 1662 5125 1718 5190; x_wconf 85' lang='lat' dir='ltr'><strong>pro</strong></span> <span class='ocrx_word' id='word_1_682' title='bbox 1741 5105 1828 5169; x_wconf 85' lang='lat' dir='ltr'><strong>uobis</strong></span> <span class='ocrx_word' id='word_1_683' title='bbox 1850 5113 1904 5168; x_wconf 88' lang='lat' dir='ltr'><strong>est.</strong></span> <span class='ocrx_word' id='word_1_684' title='bbox 1953 5104 2003 5167; x_wconf 84' lang='lat'><strong>41.</strong></span> <span class='ocrx_word' id='word_1_685' title='bbox 2025 5103 2116 5182; x_wconf 85' lang='lat' dir='ltr'><strong>Quis-</strong></span> 
     </span>
    </p>
   </div>
   <div class='ocr_carea' id='block_1_24' title="bbox 190 5237 2199 5492">
    <p class='ocr_par' dir='ltr' id='par_1_24' title="bbox 190 5237 2199 5492">
     <span class='ocr_line' id='line_1_45' title="bbox 190 5237 2156 5321; baseline 0.001 -17"><span class='ocrx_word' id='word_1_686' title='bbox 190 5259 244 5305; x_wconf 82' lang='lat' dir='ltr'><strong>huo</strong></span> <span class='ocrx_word' id='word_1_687' title='bbox 278 5255 371 5306; x_wconf 63' lang='lat' dir='ltr'><strong>torbon</strong></span> <span class='ocrx_word' id='word_1_688' title='bbox 406 5259 492 5308; x_wconf 70' lang='lat' dir='ltr'><strong>donea</strong></span> <span class='ocrx_word' id='word_1_689' title='bbox 536 5259 635 5320; x_wconf 61' lang='lat' dir='ltr'><strong>gisalae</strong></span> <span class='ocrx_word' id='word_1_690' title='bbox 692 5259 741 5307; x_wconf 77' lang='lat' dir='ltr'><strong>iou</strong></span> <span class='ocrx_word' id='word_1_691' title='bbox 784 5261 811 5308; x_wconf 82' lang='lat' dir='ltr'><strong>of</strong></span> <span class='ocrx_word' id='word_1_692' title='bbox 825 5261 895 5308; x_wconf 81' lang='lat' dir='ltr'><strong>caelos</strong></span> <span class='ocrx_word' id='word_1_693' title='bbox 914 5260 925 5306; x_wconf 85' lang='lat' dir='ltr'><strong>t</strong></span> <span class='ocrx_word' id='word_1_694' title='bbox 942 5273 1020 5321; x_wconf 83' lang='lat' dir='ltr'><strong>coppe</strong></span> <span class='ocrx_word' id='word_1_695' title='bbox 1061 5267 1155 5308; x_wconf 75' lang='lat' dir='ltr'><strong>vetros</strong></span> <span class='ocrx_word' id='word_1_696' title='bbox 1195 5275 1227 5308; x_wconf 92' lang='lat' dir='ltr'><strong>on</strong></span> <span class='ocrx_word' id='word_1_697' title='bbox 1281 5272 1355 5308; x_wconf 82' lang='lat' dir='ltr'><strong>noma</strong></span> <span class='ocrx_word' id='word_1_698' title='bbox 1407 5259 1503 5306; x_wconf 85' lang='lat' dir='ltr'><strong>minum</strong></span> <span class='ocrx_word' id='word_1_699' title='bbox 1538 5253 1630 5306; x_wconf 63' lang='lat' dir='ltr'><strong>toreca</strong></span> <span class='ocrx_word' id='word_1_700' title='bbox 1665 5259 1752 5306; x_wconf 78' lang='lat' dir='ltr'><strong>cristes</strong></span> <span class='ocrx_word' id='word_1_701' title='bbox 1792 5269 1853 5304; x_wconf 82' lang='lat' dir='ltr'><strong>aron</strong></span> <span class='ocrx_word' id='word_1_702' title='bbox 1888 5254 1987 5304; x_wconf 72' lang='lat' dir='ltr'><strong>sohllce</strong></span> <span class='ocrx_word' id='word_1_703' title='bbox 2021 5237 2117 5318; x_wconf 73' lang='lat' dir='ltr'><strong>icsago</strong></span> <span class='ocrx_word' id='word_1_704' title='bbox 2151 5289 2156 5303; x_wconf 91' lang='lat'><strong>.</strong></span> 
     </span>
     <span class='ocr_line' id='line_1_46' title="bbox 190 5309 2199 5422; baseline 0 -23"><span class='ocrx_word' id='word_1_705' title='bbox 190 5335 258 5420; x_wconf 91' lang='lat' dir='ltr'><strong>quis</strong></span> <span class='ocrx_word' id='word_1_706' title='bbox 284 5334 365 5398; x_wconf 84' lang='lat' dir='ltr'><strong>enirn</strong></span> <span class='ocrx_word' id='word_1_707' title='bbox 401 5345 508 5420; x_wconf 89' lang='lat' dir='ltr'><strong>potum</strong></span> <span class='ocrx_word' id='word_1_708' title='bbox 528 5336 649 5402; x_wconf 86' lang='lat' dir='ltr'><strong>dederit</strong></span> <span class='ocrx_word' id='word_1_709' title='bbox 670 5336 758 5401; x_wconf 92' lang='lat' dir='ltr'><strong>uobis</strong></span> <span class='ocrx_word' id='word_1_710' title='bbox 835 5337 960 5401; x_wconf 86' lang='lat' dir='ltr'><strong>calicem</strong></span> <span class='ocrx_word' id='word_1_711' title='bbox 1055 5359 1153 5422; x_wconf 86' lang='lat' dir='ltr'><strong>aquae</strong></span> <span class='ocrx_word' id='word_1_712' title='bbox 1190 5339 1220 5400; x_wconf 92' lang='lat' dir='ltr'><strong>in</strong></span> <span class='ocrx_word' id='word_1_713' title='bbox 1250 5339 1374 5402; x_wconf 88' lang='lat' dir='ltr'><strong>nomine</strong></span> <span class='ocrx_word' id='word_1_714' title='bbox 1416 5357 1485 5400; x_wconf 89' lang='lat' dir='ltr'><strong>meo</strong></span> <span class='ocrx_word' id='word_1_715' title='bbox 1547 5334 1618 5420; x_wconf 87' lang='lat' dir='ltr'><strong>quia</strong></span> <span class='ocrx_word' id='word_1_716' title='bbox 1647 5333 1765 5400; x_wconf 81' lang='lat' dir='ltr'><strong>Christi</strong></span> <span class='ocrx_word' id='word_1_717' title='bbox 1791 5334 1862 5396; x_wconf 84' lang='lat' dir='ltr'><strong>estis</strong></span> <span class='ocrx_word' id='word_1_718' title='bbox 1891 5355 1981 5398; x_wconf 90' lang='lat' dir='ltr'><strong>amen</strong></span> <span class='ocrx_word' id='word_1_719' title='bbox 2030 5333 2098 5399; x_wconf 89' lang='lat' dir='ltr'><strong>dico</strong></span> <span class='ocrx_word' id='word_1_720' title='bbox 2134 5309 2199 5386; x_wconf 67' lang='lat'><strong>29·</strong></span> 
     </span>
     <span class='ocr_line' id='line_1_47' title="bbox 1909 5431 1927 5492; baseline 0 0"><span class='ocrx_word' id='word_1_721' title='bbox 1909 5431 1927 5492; x_wconf 86' lang='grc'>7</span> 
     </span>
    </p>
   </div>
   <div class='ocr_carea' id='block_1_25' title="bbox 0 0 2502 6292">
    <p class='ocr_par' dir='ltr' id='par_1_25' title="bbox 0 0 2502 6292">
     <span class='ocr_line' id='line_1_48' title="bbox 0 0 2502 6292; baseline 0 0"><span class='ocrx_word' id='word_1_722' title='bbox 0 0 2502 6292; x_wconf 95' lang='lat' dir='ltr'><strong> </strong></span> 
     </span>
    </p>
   </div>
  </div>
 </body>
</html>
