4966 6294
1719 238 1869 331 (boare.
1891 246 2167 344 sesanam

1032 459 1277 534 ..53-

179 663 232 698 com
279 658 305 702 tc
347 654 407 702 him.
548 653 564 714 Ἰ
595 655 818 704 ondsworsdchlm
839 654 932 704 ’tabat
965 657 1043 708 atrab
1136 658 1205 708 hwat
1224 659 1312 718 wylttu
1334 655 1438 733 plebe
1481 657 1556 718 gidos
1639 657 1673 708 ’6ο
1682 659 1770 707 blinda
1796 659 1930 708 uutudllce
1947 660 2025 712 owa'6
2042 661 2095 710 blm

163 730 248 793 uenit
272 730 311 794 ad
340 751 419 796 eum.
462 735 512 798 51.
535 732 578 797 Et
614 733 803 820 respondens
845 733 933 800 Iesus
970 735 1048 801 dixit
1067 735 1113 800 illi
1135 735 1210 821 quid
1250 736 1296 800 uis
1348 737 1404 802 tibi
1455 736 1592 800 faciam?
1648 758 1757 802 caecas
1809 747 1910 804 autem
1944 739 2022 804 dixit
2053 739 2080 804 ei

162 865 238 914 laren
256 868 321 928 good
350 866 402 943 *pta
411 870 434 918 1ο
477 871 539 930 gisia
685 871 778 921 bahal
804 871 938 921 wutndlica
956 871 1034 922 anab
1051 879 1078 922 to
1086 873 1139 922 blm
1165 885 1212 933 gas
1249 872 1338 932 gilsata
1374 873 1422 924 bin
1452 873 1501 924 aas
1559 873 1633 922 halac
1667 873 1753 935 gidocs
1788 873 1803 933 Ἰ
1875 887 1937 925 rona
2019 875 2093 934 nasu

171 943 315 1010 Rabboni
371 957 404 1010 ut
445 947 575 1012 uideam.
617 949 668 1014 52.
690 948 778 1014 lesus
826 959 928 1013 autem
974 952 1017 1013 ait
1070 951 1117 1016 illi
1150 951 1230 1016 uade
1260 949 1337 1016 fides
1368 963 1420 1018 tua
1460 963 1490 1017 te
1525 951 1645 1017 saluum
1672 951 1752 1018 fecit.
1774 963 1806 1018 ct
1827 951 1987 1020 confestim
2016 951 2093 1016 uidit

167 1079 183 1139 Ἰ
258 1082 351 1143 lyligdc
437 1084 489 1132 hlm
532 1097 565 1131 on
610 1099 678 1146 weg.

162 1169 193 1221 et
221 1162 407 1246 sequebatur
434 1183 505 1226 eum
532 1163 566 1226 in
608 1163 666 1226 uia

528 1297 543 1358 Ἰ
586 1299 682 1360 misas
741 1305 767 1350 to
786 1302 960 1363 nasciturum
1044 1306 1191 1354 hiemsalem
1250 1301 1266 1363 Ἰ
1327 1304 1442 1352 bethania
1491 1309 1517 1352 to
1584 1319 1651 1355 mora
1713 1307 1865 1356 celebaomes
1891 1307 1967 1354 sends
2001 1313 2094 1368 twoege

286 1374 362 1464 Cap.
385 1376 444 1441 Xl.
467 1380 495 1441 1.
517 1369 559 1441 Et
595 1399 666 1443 oum
704 1382 986 1468 appropinquarent
1011 1383 1223 1470 lerosolymae
1242 1393 1273 1449 et
1293 1382 1464 1448 Bethaniac
1485 1383 1525 1448 ad
1545 1394 1682 1450 montem
1704 1383 1868 1450 Oliuarum
1888 1385 1980 1448 mittit
2009 1385 2087 1450 duos

162 1548 189 1594 ⁰f
247 1546 359 1608 ’6111111111
415 1549 455 1596 ΜΒ
571 1547 587 1609 Ἰ
624 1551 702 1602 cwae'b
738 1551 805 1602 ’bum
839 1567 884 1610 aaa
918 1556 946 1602 in
1019 1563 1101 1607 caste
1187 1556 1238 1632 'pte
1292 1572 1394 1619 cngaegn
1438 1559 1485 1606 low
1520 1504 1613 1617 ἰῖιβιῗο)
1648 1554 1663 1614 1
1701 1570 1763 1606 sona
1848 1557 1968 1618 ingongas

162 1647 199 1690 ex
222 1625 379 1712 discipulis
400 1628 462 1690 suis
511 1627 539 1691 2.
561 1638 592 1692 et
639 1629 682 1693 ait
739 1630 800 1696 illis
841 1631 882 1696 ite
913 1631 945 1696 in
974 1634 1133 1700 castellum
1169 1634 1252 1721 quod
1288 1645 1395 1699 contra
1430 1657 1486 1699 uos
1518 1645 1565 1699 est
1637 1646 1667 1700 et
1685 1635 1786 1698 statim
1808 1635 1997 1700 introeuntes
2019 1635 2093 1698 illuc
2133 1635 2154 1698 b

163 1763 214 1812 ’oet
231 1777 261 1824 ga
279 1762 394 1812 onfindss
430 1763 499 1813 ³oona
517 1765 568 1814 tola
601 1767 761 1828 gtbundenna
810 1770 863 1816 otar
925 1768 994 1819 ’tone
1061 1775 1112 1830 gett
1173 1774 1255 1832 aanig
1341 1783 1399 1819 mon
1486 1773 1567 1832 gisatt
1600 1771 1725 1819 unblndas
1760 1770 1828 1818 ’tone
1887 1768 1903 1829 Ἰ
1946 1776 1972 1818 to
1990 1771 2092 1832 giledas

203 1841 363 1906 inuenietis
438 1842 557 1929 pullum
616 1845 745 1932 ligatum
786 1865 879 1931 super
909 1867 1002 1932 quem
1033 1847 1135 1912 adhuc
1165 1871 1257 1914 nemo
1289 1849 1450 1913 hominum
1487 1848 1566 1914 sedit
1604 1849 1714 1913 soluite
1747 1847 1835 1912 illum
1881 1857 1911 1912 et
1942 1849 2092 1914 adducite.

228 1977 244 2038 J
282 1979 320 2040 git
351 1980 428 2028 hwalc
469 1982 516 2029 iow
569 1981 695 2031 biona’oss
730 1982 801 2029 hwaet
836 1981 905 2031 dca'6
922 1996 952 2043 gc
987 1983 1103 2032 assoon
1140 1985 1217 2035 ’batte
1267 1985 1364 2034 dribtna
1399 1985 1496 2034 bluoete
1515 1985 1526 2032 t
1545 1985 1654 2034 nerent
1696 1985 1717 2032 is
1766 1980 1782 2042 {l
1870 1997 1932 2032 sona
2028 1985 2084 2033 bins

161 2057 191 2121 3.
212 2055 254 2121 Et
284 2057 309 2120 si
355 2059 423 2143 quis
454 2059 542 2122 uobis
580 2059 693 2124 dixerit
735 2059 808 2144 quid
839 2059 961 2124 facitis?
1004 2061 1095 2126 dieite
1148 2062 1220 2147 quia
1252 2063 1377 2127 domino
1432 2063 1620 2127 necessarius
1684 2072 1730 2126 est
1761 2071 1790 2125 et
1825 2062 1970 2126 continuo
2005 2060 2095 2126 illum

180 2195 279 2243 forlstas
313 2195 384 2244 hider
502 2193 518 2254 Ἰ
579 2198 683 2245 roardum
752 2197 882 2246 onlundun
957 2199 1008 2245 tola
1059 2199 1220 2258 gibandsnns
1255 2201 1333 2248 bifora
1371 2199 1427 2248 bau
1446 2199 1504 2248 dore
1546 2207 1587 2248 ute
1628 2204 1660 2246 at
1693 2210 1777 2258 noega
1789 2199 1867 2259 gssctu
1901 2194 1917 2256 1
1954 2198 2095 2247 unhandun

162 2273 292 2338 dimittet
312 2274 381 2338 buc.
437 2275 467 2336 4.
490 2273 531 2338 Et
554 2275 700 2340 abeuntes
720 2275 905 2340 inuenerunt
925 2275 1044 2362 pullum
1076 2275 1205 2360 ligatum
1251 2287 1321 2342 ante
1369 2279 1494 2340 ianuam
1525 2278 1600 2340 foris
1623 2278 1653 2340 in
1739 2277 1821 2341 biuic
1892 2286 1922 2342 et
1965 2276 2091 2341 soluunt

160 2409 219 2456 hina
351 2407 367 2468 Ἰ
427 2423 496 2458 sume
554 2413 582 2459 ο1
615 2411 668 2462 ’aar
702 2412 870 2462 stondcndnm
908 2415 1011 2462 credun
1058 2414 1108 2462 him
1150 2417 1220 2462 hwaet
1261 2413 1320 2464 deas
1338 2429 1367 2476 ge
1418 2416 1542 2463 unhindas
1593 2413 1660 2463 ’oona
1678 2415 1729 2463 tols
1849 2414 1921 2464 ’δι’δο
1964 2415 2068 2464 οιιοᾱιιιι

161 2511 241 2551 eum.
284 2489 315 2554 5.
337 2487 378 2553 Et
398 2488 523 2574 quidam
545 2489 584 2554 dc
613 2489 677 2553 illie
712 2490 862 2555 stantibus
890 2490 1033 2556 dicebant
1060 2491 1121 2554 illis
1156 2492 1230 2578 quid
1269 2492 1367 2558 facitis
1407 2494 1561 2558 soluentes
1596 2491 1740 2579 pullum?
1793 2493 1821 2556 6.
1854 2493 1916 2570 Qui
1951 2493 2096 2558 dixerunt

161 2627 213 2673 him
248 2641 298 2674 swa
337 2627 438 2689 gihatcn
455 2628 533 2676 haldo
568 2627 610 2674 hia
645 2627 680 2676 ’6ο
698 2627 746 2676 hal
780 2626 796 2689 Ἰ
849 2627 985 2676 1οι1οοι1οιι
1029 2628 1086 2676 hinc
1195 2625 1210 2688 1
1272 2630 1371 2678 laddun
1425 2631 1555 2680 boncfola
1590 2637 1616 2678 to
1653 2628 1719 2680 'Sam
1739 2630 1788 2678 hal
1821 2626 1837 2687 1
1885 2635 2002 2678 ousettun
2038 2631 2095 2678 ltine

161 2706 203 2767 eis
232 2705 311 2770 siout
338 2713 537 2791 praeceperat
557 2703 618 2767 illis
648 2703 737 2771 Iesus
775 2717 806 2772 et
827 2706 1007 2771 dimiserunt
1028 2707 1079 2771 eis.
1124 2708 1152 2768 7.
1176 2706 1215 2771 Et
1236 2707 1392 2772 diruerunt
1425 2708 1545 2796 pullum
1579 2707 1620 2770 ad
1666 2707 1770 2772 Iesum
1809 2717 1839 2772 et
1859 2707 2022 2795 imponunt
2048 2709 2094 2772 illi
2117 2709 2156 2772 10

212 2841 308 2902 gigsrlu
368 2840 407 2887 his
450 2837 467 2898 1
522 2848 567 2887 sat
630 2845 684 2890 oter
743 2843 795 2890 blm
914 2841 960 2891 bio
979 2855 1069 2903 manga
1104 2842 1238 2891 wutudlicc
1307 2845 1403 2902 giwedo
1466 2845 1536 2892 blora
1570 2845 1689 2894 braeddun
1707 2846 1718 2892 l
1734 2845 1825 2906 lagdon
1862 2859 1894 2892 on
1929 2859 1998 2906 woeg
2034 2845 2097 2894 obre

161 2921 341 2983 uestimenta
362 2939 417 2982 sua
445 2927 475 2982 et
506 2917 586 2982 sedit
610 2939 703 3005 super
728 2941 808 2984 eum.
852 2921 880 2984 8.
942 2919 1032 2983 Multi
1116 2931 1218 2986 autem
1261 2922 1441 2986 uestimenta
1473 2943 1527 2986 sua
1611 2932 1786 2987 strauerunt
1860 2924 1892 2986 in
1934 2923 1986 2987 uia
2037 2923 2089 2986 alii
2135 3005 2137 3007 Ι

165 3058 248 3106 bonne
292 3055 329 3105 ’δι
345 3056 420 3116 twlgn
456 3055 580 3117 gibsgdun
598 3056 610 3102 t
627 3055 722 3104 rendun
742 3056 778 3106 ’δι
795 3057 859 3116 talge
895 3057 923 3103 cl
963 3053 1029 3104 ’dam
1047 3061 1127 3104 trcum
1160 3055 1178 3117 Ἰ
1246 3057 1347 3106 strsdun
1426 3071 1458 3108 on
1497 3059 1562 3108 oona
1576 3073 1645 3121 wocg
1771 3057 1786 3118 1
1826 3059 1905 3109 ’baba
1939 3063 1990 3110 fore
2010 3061 2094 3110 codun

162 3145 263 3200 autem
290 3134 416 3200 frondes
581 3133 750 3198 caedebant
885 3133 923 3197 de
964 3135 1125 3198 arboribus
1158 3147 1188 3200 et
1218 3137 1396 3200 sternebant
1423 3137 1454 3200 in
1539 3137 1596 3200 uia.
1704 3137 1733 3202 9.
1755 3136 1797 3201 Et
1839 3138 1892 3224 qui
1934 3139 2094 3224 praeibant

169 3267 184 3328 Ἰ
224 3269 304 3318 {aba
374 3269 490 3330 lyligdun
575 3270 709 3332 cliopsdun
751 3269 887 3318 evellenda
921 3273 947 3318 la
964 3271 1009 3319 hal
1028 3273 1082 3322 vsih
1212 3288 1238 3322 se
1256 3274 1379 3335 gibletsad
1414 3274 1477 3323 sets
1512 3288 1566 3323 com
1625 3277 1651 3322 in
1712 3289 1786 3324 noma
1856 3275 1967 3323 drihtues
2035 3279 2072 3324 sic

161 3359 191 3413 ct
233 3349 285 3434 qui
328 3349 536 3433 sequebantur
557 3347 730 3413 clamabant
752 3346 886 3412 dicentes
926 3347 1085 3412 Hosanna.
1134 3353 1179 3414 10.
1202 3351 1389 3417 Benedictus
1417 3355 1470 3439 qui
1500 3357 1585 3418 uenit
1622 3355 1653 3417 in
1693 3356 1818 3420 nomine
1852 3355 1967 3418 domini
2003 3355 2094 3417 bene

159 3487 281 3546 giblstsad
332 3483 358 3560 15
426 3498 480 3534 com
534 3485 562 3533 in
579 3488 628 3532 rtoe
681 3484 751 3532 tador
801 3498 859 3532 uses
902 3485 1012 3535 daurons
1047 3487 1073 3535 la
1090 3488 1134 3536 hal
1154 3488 1210 3536 usih
1246 3489 1271 3536 in
1307 3491 1450 3540 beonissum
1586 3487 1602 3549 Ἰ
1666 3492 1754 3540 ineoda
1847 3492 1994 3540 hierusalem
2063 3493 2091 3539 in

162 3562 275 3627 dietum
304 3565 388 3648 quod
410 3564 494 3630 uenit
515 3585 646 3650 regnum
666 3563 760 3649 patris
780 3565 877 3627 nostri
902 3563 1015 3628 Dauid.
1046 3563 1196 3630 Hosanns
1241 3567 1272 3629 in
1310 3569 1447 3632 excelsis.
1502 3571 1548 3632 ll.
1570 3567 1611 3633 Et
1638 3569 1776 3634 introiuit
1804 3569 2032 3657 lerosolymam
2060 3571 2092 3633 in

196 3699 287 3760 templo
342 3699 358 3759 1
404 3700 499 3761 ml'o'ty
518 3701 703 3760 ymbsceowrde
787 3701 819 3747 all
897 3700 994 3762 ml’o'oy
1044 3717 1074 3764 gs
1141 3706 1208 3752 stem
1265 3717 1320 3753 naes
1440 3707 1549 3766 giscardc
1580 3709 1607 3754 ln
1663 3707 1780 3755 bethaula
1844 3709 1901 3757 mi’o
1958 3710 2069 3758 trellum

155 3776 312 3863 templum
333 3785 364 3841 et
440 3779 666 3866 cucumspeotis
729 3779 870 3842 omnibus
912 3802 983 3844 curn
1021 3781 1081 3845 iam
1104 3803 1231 3869 uespera
1254 3793 1332 3847 esset
1350 3784 1428 3848 hora
1459 3785 1533 3849 exiit
1571 3785 1602 3848 in
1624 3783 1808 3850 Bethaniam
1829 3808 1900 3850 cum
1920 3786 2091 3852 duodecim.
2115 3787 2154 3849 15

244 3911 259 3971 Ἰ
304 3913 366 3963 obre
402 3915 469 3974 dage
507 3913 604 3974 misay
644 3913 749 3962 tocrdun
784 3917 847 3963 from
906 3918 980 3966 betha
1041 3919 1189 3979 gihyneredc
1314 3916 1445 3980 Jml’o'oy
1497 3919 1572 3980 gisen
1651 3921 1729 3970 leona
1782 3921 1837 3971 'doit
1854 3923 1961 3971 licbcom
2003 3924 2068 3970 hab·

113 4071 120 4082 ⁸
165 3994 211 4056 12.
234 3991 276 4056 Et
303 3991 363 4056 alia
408 3992 459 4056 die
521 4013 591 4056 cum
640 3991 760 4056 exirent
808 4015 826 4055 a
868 3995 1020 4060 Bethania
1063 3997 1175 4060 esuriit.
1242 3999 1289 4061 13.
1312 3995 1453 4084 Cumque
1474 3999 1600 4064 uidisset
1620 4025 1639 4063 a
1660 3999 1754 4086 longe
1822 4001 1916 4066 ficum
1977 4003 2091 4069 haben-

163 4131 241 4179 bsuds
282 4129 334 4178 leot
372 4143 426 4178 com
466 4130 504 4190 git
536 4144 566 4191 ge
583 4128 654 4177 brat
688 4129 755 4178 caba
818 4131 915 4191 glmltts
979 4135 1006 4180 ιἰι
1042 4132 1109 4181 sam
1143 4130 1159 4191 Ἰ
1206 4133 1303 4195 ml’oby
1360 4148 1450 4184 roman
1511 4143 1537 4185 to
1590 4137 1655 4186 'bam
1696 4138 1790 4186 nowlbt
1832 4141 1921 4187 inland
1990 4142 2071 4188 butun

161 4219 224 4273 tem
264 4208 340 4272 folia
360 4209 444 4272 uenit
470 4207 496 4270 si
561 4207 633 4292 quid
681 4208 762 4271 forte
791 4208 944 4275 inueniret
974 4212 1005 4274 in
1058 4233 1094 4274 ea
1140 4221 1170 4275 et
1218 4233 1289 4276 cum
1337 4214 1470 4278 uenisset
1503 4215 1543 4277 ad
1590 4237 1656 4278 earn
1701 4215 1779 4279 nihil
1817 4215 1937 4281 inuenit
1971 4228 2095 4304 praeter

162 4361 255 4409 leolum
290 4374 320 4408 ne
355 4359 447 4410 tortian
484 4373 539 4408 was
606 4361 643 4409 tid
704 4361 767 4410 ’διιι
783 4362 905 4412 11ο1ιοοοιι
1032 4361 1047 4422 1
1102 4362 1262 4412 ondsrrorads
1301 4365 1380 4415 onae
1416 4367 1466 4414 tim
1502 4367 1599 4415 watadt
1642 4382 1673 4417 no
1759 4371 1816 4428 long
1878 4370 1906 4417 in
1975 4373 2068 4420 acuisse

162 4439 245 4503 folia.
277 4439 442 4502 nonenim
475 4449 540 4504 erat
561 4449 681 4526 tempus
745 4442 884 4505 ficorum.
949 4445 996 4504 14.
1020 4442 1061 4506 Ε1
1081 4441 1273 4528 respondeus
1297 4442 1374 4506 dixit
1426 4445 1454 4508 ei
1517 4446 1577 4508 iam
1619 4468 1683 4510 non
1715 4447 1847 4532 amplius
1873 4449 1905 4511 in
1933 4460 2092 4515 aeternum

180 4593 244 4662 anig
259 4605 317 4640 mon
352 4593 415 4640 lrom
452 4592 486 4642 bs
521 4599 626 4641 western
718 4594 779 4643 atati
872 4593 886 4652 1
948 4595 1069 4654 gibardus
1134 4596 1228 4656 segnes
1286 4597 1325 4644 his
1461 4593 1477 4654 J
1533 4611 1620 4646 camon
1724 4606 1751 4648 to
1769 4599 1825 4648 rior
1933 4599 1949 4660 J
1995 4603 2092 4665 miliby

162 4672 325 4756 quisquam
360 4691 398 4734 ex
451 4682 482 4735 te
503 4673 636 4735 fructum
657 4671 829 4736 manducet.
860 4683 891 4737 et
916 4673 1081 4736 audiebant
1102 4673 1242 4761 discipuli
1265 4675 1338 4739 eius.
1381 4676 1430 4739 lo.
1452 4673 1493 4738 Et
1514 4675 1641 4740 ueniunt
1658 4677 1894 4764 lerosolymam.
1925 4691 1955 4746 et
2013 4705 2083 4746 cum

172 4821 305 4872 tntosrduu
392 4824 460 4873 bone
477 4825 570 4886 tempsi
605 4838 686 4885 οιιςιιι
720 4825 824 4873 fordrila
859 4825 895 4873 'oa
913 4826 1063 4887 btbyccende
1097 4824 1114 4886 Ἰ
1153 4825 1188 4876 ’δι
1206 4828 1342 4888 btbycands
1359 4829 1412 4889 (aie)
1448 4829 1474 4876 ln
1521 4831 1611 4892 templs
1662 4828 1678 4890 1
1733 4833 1813 4882 beodo
1873 4833 1936 4883 ’bara
1953 4842 2078 4895 mynetera

163 4903 319 4968 introisset
340 4903 370 4966 in
404 4902 553 4989 templum
597 4906 698 4988 coepit
718 4903 827 4967 eiicere
877 4904 1044 4970 uendentes
1097 4915 1127 4968 et
1179 4915 1315 4969 ementes
1447 4908 1479 4970 in
1505 4908 1620 4994 templo
1650 4919 1680 4972 et
1707 4931 1828 4975 mensas
1851 4912 2093 4976 numulariorum
2114 4913 2155 4977 20

170 5051 185 5111 Ἰ
248 5056 340 5104 scotlas
417 5054 582 5117 blbycoeudra
633 5056 669 5104 'oa
686 5057 782 5104 culalra
816 5056 912 5104 olcarde
929 5057 942 5104 t
958 5047 1025 5105 ldrat
1147 5056 1163 5117 Ἰ
1218 5073 1248 5108 na
1298 5058 1387 5122 gilclde
1422 5058 1474 5135 “pte
1532 5061 1595 5122 erig
1654 5064 2018 5114 clenarsndsttarsndewers
2053 5067 2094 5112 tet

163 5143 193 5194 et
214 5133 374 5198 cathedras
396 5134 596 5200 uendentium
626 5133 784 5198 columbas
861 5136 978 5200 euertit.
1064 5137 1112 5199 16.
1134 5137 1175 5201 Et
1197 5159 1258 5200 non
1283 5137 1402 5200 sinebat
1430 5149 1464 5201 ut
1492 5139 1622 5224 quisque
1745 5143 1924 5206 transferret
2041 5165 2094 5207 uas

164 5281 225 5331 seru
253 5284 410 5349 {attemps}
533 5282 550 5346 Ἰ
612 5287 684 5335 tarde
728 5286 865 5336 enecanda
900 5287 952 5334 him
986 5288 1017 5335 ab
1034 5302 1065 5335 ns
1118 5290 1220 5336 awriten
1273 5292 1294 5337 tr
1335 5288 1387 5361 pte
1455 5291 1502 5338 hus
1564 5293 1616 5340 min
1676 5295 1722 5342 hus
1792 5293 1892 5353 gibsdes
1927 5296 2028 5355 gicegsd
2047 5295 2094 5345 bib

162 5383 218 5448 per
252 5363 409 5449 templum.
444 5367 492 5428 17.
514 5364 556 5429 Et
577 5364 706 5429 docebat
748 5363 851 5427 dicens
903 5366 945 5427 eis
966 5385 1069 5428 nonne
1088 5365 1236 5453 scriptum
1258 5377 1303 5430 est
1326 5367 1397 5450 quia
1416 5367 1526 5434 domus
1547 5391 1616 5434 mea
1637 5370 1746 5434 domus
1766 5372 1911 5435 orationis
1933 5365 2173 5439 uocabitur22
