4966 6294
2129 191 2468 322 amasae

1140 343 1365 418 ..3-

294 545 430 607 masnada
492 540 508 603 Ἰ
587 541 690 591 dloulss
786 529 858 588 {urar
889 541 1223 604 gsgaongattogsongauna
1274 542 1340 592 laida
1395 543 1424 592 in
1465 543 1542 603 bargo
1708 545 1824 593 locanda
1865 541 1933 595 baba
1948 545 2028 595 desta
2060 559 2174 606 gennesa

260 643 457 713 compescens
482 633 513 690 ct
534 620 723 710 d[a]emones
757 618 869 684 eiciens
1034 618 1081 685 ire
1224 620 1374 686 concessit
1392 620 1425 686 in
1445 643 1566 708 percos.
1595 645 1680 685 min.
1704 620 1831 688 Uadens
1862 633 2015 689 mortuam
2041 625 2188 690 suscitem

260 760 348 810 dobter
382 743 446 810 iuras
497 759 549 810 eat
566 759 611 806 wil
675 757 712 804 tro
755 755 887 806 bledtome
914 757 926 804 t
952 755 1038 806 blodss
1056 760 1112 817 gytt
1158 755 1235 806 baldo
1284 755 1390 806 ηεαδ
1467 768 1528 806 sona
1584 752 1600 815 Ἰ
1637 755 1780 832 ῇιπιοάοιι
1897 760 2051 810 wundrsdan
2066 762 2108 809 bla
2121 763 2134 809 1
2148 761 2190 809 bis

259 840 355 904 filiam
382 839 457 904 Iairi
475 837 637 902 mulierem
678 859 698 900 a
753 835 907 921 profluuio
944 835 1102 921 sanguinis
1144 857 1256 899 sanans
1276 835 1402 898 suscitat
1421 834 1561 921 protinus
1583 845 1613 900 et
1640 837 1786 923 puellam.
1818 861 1869 902 xv.
1999 839 2115 904 Miran-

215 976 410 1057 quudrande
485 972 565 1049 pltr
632 968 648 1031 Ἰ
695 971 783 1020 mahte
828 970 882 1020 ’tus
899 971 999 1020 umbus
1033 984 1099 1020 sunu
1117 972 1129 1020 1
1146 971 1243 1021 amitas
1264 985 1330 1021 sunu
1364 970 1485 1022 machab
1537 973 1631 1022 berdon
1690 975 1727 1021 tro
1754 975 1806 1022 him
1841 988 1892 1052 ns¹
1908 987 1971 1024 wera
2048 978 2122 1038 sttgs

321 1065 367 1120 tes
436 1052 607 1119 docuinam
629 1061 661 1116 ct
680 1050 810 1114 virtutes
882 1049 963 1115 fabri
1126 1049 1225 1114 filium
1382 1051 1488 1115 dicum
1516 1051 1675 1116 audientes
1696 1052 1735 1115 ab
1768 1073 1805 1116 eo
1828 1074 1892 1116 non
1912 1074 1980 1117 esse
2001 1053 2186 1140 prophetam

259 1193 319 1242 butu
361 1189 487 1250 woronna
520 1188 617 1251 nym'ta
656 1187 684 1235 in
719 1185 795 1236 esbel
828 1185 868 1234 bis
1048 1186 1124 1234 sends
1193 1188 1291 1236 twoslta
1411 1188 1514 1238 hederas
1604 1187 1661 1236 mi’d
1681 1187 1775 1238 badum
1824 1189 1901 1239 lauch
1959 1190 2063 1252 gabroht
2101 1192 2170 1253 getes

257 1271 324 1335 sine
361 1269 481 1334 honore
545 1268 605 1331 nisi
651 1266 684 1329 in
704 1265 804 1352 patria
823 1286 888 1328 sua
929 1287 994 1329 xvi.
1016 1264 1141 1330 Mittens
1163 1266 1325 1331 duodecim
1345 1267 1564 1354 praedicaturus
1597 1266 1770 1353 praeceptis
1798 1267 1919 1331 instruit
1946 1267 2068 1333 conlata
2085 1269 2186 1356 gratia

255 1406 328 1456 buslo
346 1407 358 1454 t
374 1407 443 1456 batis
757 1399 866 1450 baldmd
912 1400 979 1451 ³tom
997 1401 1080 1452 tubam
1126 1403 1192 1465 uaga
1234 1403 1273 1451 his
1306 1403 1419 1452 accensis
1454 1403 1535 1464 atslog
1584 1399 1712 1460 lbaatcd
1758 1403 1798 1451 bis
1865 1404 1955 1465 plagas
2056 1404 2140 1454 mmcd

256 1485 430 1550 nudatum.
491 1505 569 1546 xvn.
593 1479 736 1546 Herodes
756 1487 865 1544 tenens
908 1479 1083 1546 Iohannem
1132 1480 1183 1546 die
1223 1481 1271 1544 sui
1301 1481 1411 1544 natalis
1438 1481 1549 1545 occidit
1570 1491 1722 1568 caputque
1743 1481 1808 1546 eius
1828 1481 1997 1547 saltationis
2010 1484 2185 1570 proemium
2226 1485 2247 1548 b

256 1625 285 1671 tn
329 1621 383 1669 disc
417 1617 592 1670 seruosne
630 1615 700 1666 calda
886 1617 914 1666 of
998 1617 1030 1666 tir
1130 1617 1199 1667 hlstu
1264 1613 1280 1674 ‘i
1331 1625 1405 1666 tuam
1475 1617 1565 1666 limum
1658 1618 1691 1664 nt
1793 1632 1863 1666 aare
1906 1617 2007 1669 bussud
2050 1619 2149 1682 aalylda

257 1701 290 1764 in
316 1699 400 1763 disco
468 1697 550 1762 filiae
617 1693 720 1760 tradit.
761 1718 854 1760 xmu.
871 1693 923 1760 De
945 1695 1081 1781 quinque
1100 1696 1233 1784 panibus
1258 1705 1289 1762 et
1309 1695 1430 1760 duobus
1450 1695 1585 1783 piscibus
1600 1695 1737 1781 quinque
1758 1696 1896 1760 virorum
1916 1697 2001 1760 milia
2028 1699 2184 1764 saturam.

379 1834 428 1886 bin
446 1833 538 1883 locros
570 1833 637 1882 naht
702 1846 786 1884 wscsn
837 1844 911 1882 cuam
958 1837 985 1882 te
1052 1831 1166 1894 sagnam
1229 1831 1373 1896 gaonganda
1408 1821 1436 1880 oi
1450 1832 1462 1880 t
1477 1833 1538 1880 buta
1597 1844 1629 1878 sse
1792 1832 1864 1882 telae
1880 1833 1893 1880 1
1909 1832 2008 1884 nibrsb

259 1938 365 1982 xvnn.
398 1913 518 1991 Quarta
556 1913 655 1977 noctis
694 1911 802 1998 ungilis
835 1909 922 1976 uenit
952 1907 993 1974 ad
1025 1909 1191 1997 discipulos
1225 1910 1386 1976 ambulans
1428 1932 1521 1996 supra
1573 1931 1668 1975 mare.
1724 1934 1776 1974 xx.
1829 1912 1988 1976 Accusant
2032 1913 2185 2000 pharisaei

293 2052 389 2112 sunu
441 2047 609 2108 unhuagnum
653 2047 766 2096 bendum
874 2045 974 2096 suenda
1053 2041 1068 2106 1
1107 2059 1189 2094 weron
1204 2043 1343 2106 genesen
1378 2047 1414 2093 fro
1451 2043 1503 2094 him
1543 2046 1571 2094 ot
1604 2046 1761 2096 strionsndra
1779 2047 1791 2094 1
1808 2047 1882 2095 saldra
1928 2036 2072 2098 lullatnlsse
2166 2049 2178 2096 t

258 2128 423 2216 discipulos
451 2149 514 2192 non
531 2126 602 2191 lotis
640 2125 783 2190 manibus
804 2123 1025 2188 manducantes
1047 2134 1077 2188 et
1125 2125 1325 2210 increpantur
1375 2125 1415 2188 ab
1458 2147 1495 2190 eo
1538 2125 1577 2190 de
1661 2135 1823 2212 parentum
1905 2127 2093 2214 inspretione
2135 2130 2186 2195 uel

257 2268 286 2318 ot
316 2264 410 2316 chrum
614 2262 711 2324 mices
728 2267 822 2323 gesatts
857 2259 930 2311 'babo
972 2273 1061 2322 magon
1096 2260 1165 2310 bone
1185 2272 1279 2309 menno
1346 2261 1451 2321 widlaga
1610 2260 1663 2310 ’tas
1681 2262 1751 2311 vites
2087 2265 2175 2314 docter

257 2343 297 2410 de
320 2343 428 2410 ceteris
450 2340 515 2430 [fol
536 2339 599 2429 9l.]
642 2348 817 2427 exponente
866 2361 946 2425 quae
967 2339 1085 2427 possint
1116 2339 1274 2405 hominem
1315 2339 1487 2425 inquinare.
1529 2362 1596 2404 xxi.
1617 2339 1756 2404 Mulieris
1798 2333 2071 2427 syrophoenissae
2089 2341 2185 2407 filiam

256 2483 321 2532 bom
372 2480 456 2530 mahta
539 2477 608 2530 trisb
782 2475 872 2527 dumba
931 2471 1027 2536 ldae!
1091 2477 1172 2526 aetna
1242 2477 1339 2525 amstta
1391 2476 1475 2526 euoch
1516 2483 1596 2538 untyn
1787 2477 1815 2524 ot
1876 2477 1946 2526 secla
2013 2477 2110 2528 nutum
2162 2474 2179 2538 Ἰ

276 2584 297 2625 a
338 2559 501 2626 daemonio
522 2559 641 2624 liberat.
683 2553 871 2621 xxr1.Muto
899 2555 1056 2641 surdoque
1076 2561 1186 2620 uocem
1207 2554 1369 2619 restituens
1396 2552 1470 2619 dicit
1503 2554 1604 2619 effeta
1652 2577 1746 2620 xxm.
1772 2554 1824 2620 De
1852 2564 1969 2642 septem
1996 2557 2127 2643 panibus
2152 2568 2187 2624 et
2209 2559 2249 2624 10

273 2698 347 2747 bnon
387 2697 447 2758 lytla
465 2697 539 2744 suess
617 2695 671 2742 taor
770 2703 863 2740 monna
920 2685 1035 2753 cusandi
1123 2690 1222 2753 gatylds
1654 2692 1733 2740 bacon
1750 2691 1761 2738 1
1778 2695 1850 2740 neon
1920 2693 2071 2742 soacsndcm
2122 2696 2199 2748 snus

256 2775 361 2862 paucis
388 2771 542 2860 pisciculis
573 2782 705 2858 quatuor
735 2770 897 2836 hominum
944 2767 1029 2832 milia
1096 2769 1253 2833 saturauit.
1296 2791 1402 2834 mm.
1434 2768 1611 2833 Pharisacis
1678 2769 1803 2854 signum
1873 2772 2090 2855 quaerentibus
2120 2775 2187 2840 dari

266 2923 342 2960 onsoo
380 2905 396 2967 Ἰ
484 2907 522 2956 llr
636 2907 707 2955 blora
780 2905 870 2967 gabeht
922 2905 1003 2953 undar
1057 2903 1159 2954 'barstes
1226 2917 1302 2953 noma
1351 2893 1376 2953 la
1394 2911 1421 2954 tc
1442 2903 1595 2954 babaldenne
1733 2903 1802 2954 'bons
1821 2905 1906 2955 blinda
1941 2907 2057 2958 baartlics
2090 2908 2183 2970 gsma'd

257 2997 353 3075 negat
374 2997 406 3053 et
426 2985 598 3051 doctrinam
620 3005 728 3050 eorum
749 2983 905 3070 praecepit
936 2984 993 3048 sub
1034 2983 1178 3048 fermenti
1199 2983 1325 3047 nomine
1349 2982 1605 3071 praecauendum.
1647 3005 1721 3048 xxv.
1753 2981 1889 3050 Caecum
1925 2985 2072 3074 paulatim
2100 2997 2188 3052 curat

264 3122 281 3184 J
317 3121 344 3200 ᾗ
378 3135 493 3182 anunm
528 3121 628 3171 enocha
644 3120 656 3168 1
673 3120 766 3168 cncede
800 3119 890 3179 gabebt
907 3118 918 3166 1
936 3117 984 3167 hat
1147 3116 1404 3178 naufragandum
1444 3117 1580 3178 huaclbtc)
1631 3118 1689 3168 btne
1724 3120 1765 3169 hle
1782 3122 1860 3171 cusde
2112 3123 2188 3184 godes

257 3213 289 3269 et
314 3212 348 3267 ut
375 3200 491 3266 nemini
585 3198 701 3264 diceret
822 3195 962 3283 imperat.
1024 3219 1112 3260 xxvi.
1133 3195 1401 3282 Interrogantibus
1429 3218 1522 3282 quem
1626 3219 1697 3263 cum
1725 3198 1862 3265 dicerent
1881 3199 1993 3266 Petrus
2012 3198 2099 3287 Xpm
2134 3189 2170 3266 di

287 3338 401 3390 ondau'o
451 3333 468 3396 1
505 3349 567 3386 sons
601 3324 668 3385 lton
702 3334 801 3384 dribtna
837 3331 973 3381 stonense
1008 3331 1061 3380 him
1095 3332 1244 3382 euastanda
1278 3332 1332 3381 wib
1351 3332 1434 3382 euseb
1480 3332 1516 3381 sis
1533 3332 1645 3394 ganisan
1662 3332 1673 3380 1
1691 3332 1740 3383 bi’t
1760 3335 1898 3396 gahrsatad
2125 3336 2188 3388 saba

257 3418 420 3483 amauit
445 3427 476 3482 at
496 3438 571 3480 mox
599 3413 672 3500 quia
720 3412 782 3477 diro
824 3432 987 3504 passurum
1018 3432 1052 3474 se
1114 3411 1226 3475 dicenti
1269 3409 1450 3476 contradicit
1621 3411 1771 3497 arguitur.
1978 3435 2079 3478 xsvn.
2123 3413 2188 3494 Qui

275 3553 343 3600 lassa
394 3551 477 3602 cuce’b
539 3552 612 3600 sswsl
681 3549 720 3599 his
824 3537 848 3597 la
916 3562 971 3598 mec
1013 3549 1091 3610 tegat
1143 3548 1186 3598 bis
1224 3561 1257 3598 ns
1293 3545 1375 3623 11115
1390 3544 1559 3610 gablrigdont
1575 3546 1718 3611 gasupsdon
1734 3560 1814 3596 aaron
1841 3561 1910 3596 suma
1929 3547 1993 3598 coer
2028 3549 2097 3599 ³corre
2115 3549 2182 3601 dest

258 3628 360 3714 perdit
386 3629 485 3713 inquit
502 3629 637 3692 animam
656 3650 744 3692 suam
763 3638 890 3714 propter
912 3650 962 3694 mo
983 3626 1102 3692 inuenit
1122 3651 1191 3694 eam
1211 3649 1269 3692 nee
1468 3635 1645 3712 gustaturos
1842 3626 1993 3712 quosdam
2041 3639 2173 3696 mortem
2209 3633 2248 3698 15

259 3763 480 3814 wintonensi
497 3777 569 3824 gessa
599 3764 657 3812 bins
687 3765 716 3812 in
774 3763 811 3812 ric
874 3765 913 3814 his
985 3760 1083 3822 :lacus
1160 3753 1281 3813 olbiwada
1300 3777 1354 3814 was
1418 3762 1533 3812 inlaaded
1577 3759 1593 3821 1
1656 3763 1773 3812 lobannis
1955 3765 2183 3816 waronhrcwsnda

293 3842 392 3906 donee
445 3841 570 3906 rideant
600 3863 672 3906 eum
692 3840 726 3903 in
746 3862 845 3926 regno
867 3842 932 3905 eius
953 3843 1116 3928 statimque
1139 3843 1374 3928 transfiguratas
1393 3840 1550 3906 inducitur
1570 3851 1602 3906 et
1627 3839 1801 3906 Iohannem
1821 3837 1933 3908 Heliae
2015 3845 2135 3930 passuri

279 3981 311 4028 ba
362 3978 454 4042 galtere
489 3977 625 4030 §tenende
660 3978 744 4027 euoch
933 3975 1042 4038 egbualc
1098 3975 1156 4025 fol’t
1169 3977 1223 4038 (sic)
1298 3977 1378 4039 gesab
1426 3976 1524 4026 dritten
1565 3973 1724 4044 gariardiada
1799 3974 1910 4038 jgssm
1986 3979 2048 4029 bslo
2066 3981 2130 4030 baad
2164 3977 2180 4040 Ἰ

258 4059 323 4144 ipse
350 4055 462 4121 similia
494 4079 618 4144 passum
666 4055 747 4120 dicit.
790 4079 905 4120 xxvm.
927 4054 1038 4120 Omnis
1058 4054 1192 4142 populus
1282 4055 1389 4120 uidens
1438 4053 1513 4118 dnm
1561 4076 1728 4141 paucscens
1748 4077 1974 4142 occurrensque
2010 4057 2124 4122 salutat
2157 4069 2188 4124 et

267 4207 334 4242 sunu
402 4207 472 4241 sums
547 4193 760 4252 nngaleaffultntsa
830 4191 869 4239 hia
1074 4189 1199 4241 biddanda
1242 4193 1278 4240 bo
1348 4191 1431 4240 diobls
1496 4189 1596 4251 ganno
1614 4189 1662 4240 bt't
1929 4193 2038 4244 saltenda
2125 4195 2184 4244 bins

259 4272 340 4336 filius
372 4272 499 4336 cuimdt
529 4270 774 4335 incredulitatem
807 4292 895 4334 suam
925 4269 1025 4334 iuuari
1056 4269 1227 4356 praecentis
1257 4293 1277 4332 a
1305 4267 1468 4334 daemonio
1502 4267 1660 4334 liberatur.
1724 4292 1853 4334 xxvnn.
1886 4270 2086 4336 Tradendum
2142 4294 2176 4338 se

326 4397 431 4468 issagds
503 4402 520 4465 1
564 4405 601 4456 ’ta
617 4405 713 4467 &guas
752 4405 819 4455 haar
853 4419 885 4454 on
919 4419 979 4466 aaa
1012 4406 1174 4467 getrahtadon
1237 4403 1381 4464 taignanda
1437 4403 1515 4454 lera'e
1549 4393 1617 4453 lucet
1634 4404 1645 4450 t
1663 4403 1766 4454 altardo
1815 4419 1847 4454 na
1898 4407 1936 4456 sta
1997 4412 2023 4456 to
2042 4419 2164 4458 mscsnns

258 4487 467 4574 praenuntians
497 4495 528 4550 et
555 4484 721 4572 discipulos
750 4484 826 4569 quid
852 4485 886 4548 in
925 4485 976 4548 uia
1003 4494 1184 4550 mactassent
1209 4485 1405 4570 interrogans
1430 4483 1520 4548 docet
1572 4481 1738 4568 primatum
1792 4507 1856 4549 non
1877 4505 1945 4551 esse
1964 4486 2187 4571 quaerendum.

396 4623 469 4670 maht
536 4622 562 4671 tn
599 4622 637 4670 his
696 4635 769 4670 noma
850 4621 945 4671 dosnde
1003 4633 1035 4668 ne
1069 4621 1162 4682 galetas
1211 4609 1314 4669 bassa
1364 4616 1380 4678 Ἰ
1423 4621 1452 4669 ol
1500 4619 1614 4680 ymbeyrt
1714 4620 1824 4672 uomina
1893 4622 2079 4684 ondspyrsntra
2094 4623 2106 4669 t
2119 4622 2183 4670 end-

259 4723 333 4764 xxx.
354 4699 509 4767 Uirtutem
531 4702 564 4763 in
585 4700 650 4765 eius
670 4699 796 4763 nomine
818 4697 964 4766 facientes
985 4721 1050 4764 non
1076 4697 1149 4762 sinit
1178 4697 1338 4785 prohiberi
1359 4707 1389 4763 et
1414 4697 1455 4762 de
1473 4695 1644 4762 &cisione
1663 4699 1875 4774 membrorum
1937 4699 2145 4774 mandaliaan-
2207 4699 2250 4764 20

259 4836 415 4899 spumendra
441 4838 543 4898 gantas
558 4835 739 4898 tmegwlttllcs
766 4833 843 4884 lara'd
1249 4835 1277 4883 ol
1343 4833 1398 4882 vlle
1702 4823 1809 4895 isernias
1910 4834 2034 4885 sotcends
2092 4835 2184 4884 moises

299 4916 376 4979 tium
510 4915 683 5002 figuraliter
762 4913 860 4978 docet
919 4935 1007 4978 xxxr.
1029 4911 1213 4977 Pharisaeos
1250 4912 1289 4977 de
1325 4931 1424 4976 uxore
1461 4910 1526 4999 [fol.
1558 4911 1629 5001 9lb]
1664 4909 1846 4976 dimittenda
1879 4921 2060 4999 quaerentes
2094 4911 2175 4977 Masi

292 5051 403 5112 ayenasa
451 5048 649 5112 etnsgeearda]
696 5049 733 5100 ’bs
749 5049 799 5098 oild
825 5049 863 5098 iro
890 5047 942 5098 him
1097 5038 1226 5099 lbaodsnd
1279 5048 1405 5099 bloadsa’b
1586 5049 1613 5097 of
1645 5045 1797 5098 encaustica
1814 5047 1826 5096 1
1843 5048 2025 5109 unmahtiglica
2078 5048 2175 5106 alonge

259 5129 431 5196 testimonio
453 5131 607 5196 conuincit
628 5140 658 5195 et
678 5129 810 5192 infantes
838 5150 858 5191 a
898 5149 931 5193 se
951 5127 1050 5192 uetari
1071 5128 1238 5216 prohibens
1259 5125 1422 5193 benedicit.
1454 5125 1618 5192 xxx11.De
1744 5124 1923 5190 difficultate
2057 5124 2188 5190 diuitum
2200 5097 2275 5194 22

319 5290 339 5332 2.
358 5289 410 5333 blod
423 5289 486 5333 torna
498 5290 545 5334 18.
570 5292 591 5333 t.
605 5293 619 5334 Ι.
634 5291 814 5344 praedicaturos.
