4966 6294
219 1283 272 1334 {¹⁵-
287 1282 344 1324 ὓθῑῑ·
358 1281 417 1326 ⁸⁰³⁰
574 1287 706 1348 onginnaa
823 1287 1009 1338 heatudweardo
1028 1287 1039 1335 l
1056 1275 1153 1338 iacuido
1171 1289 1182 1336 l
1200 1277 1355 1349 {emarcungo
1504 1290 1580 1338 sotter
1750 1301 1847 1337 marcus

256 1345 381 1399 ”W
531 1380 768 1448 morrrrrr
974 1381 1205 1449 oarrruua
1409 1379 1656 1451 secuuntur
1700 1382 1941 1466 araneolae

1065 1615 1077 1648 0

342 1693 408 1782 [ar.
429 1695 493 1784 aaa
946 1600 1118 1762 didimi
1160 1693 1490 1762 assensurum.

290 1877 437 1962 ‘ultuma
464 1913 498 1963 be
516 1913 669 1977 godepellsre
687 1913 763 1974 godes
788 1910 804 1973 1
832 1919 915 1976 patres
938 1915 965 1962 ln
1033 1914 1132 1964 tulwiht
1199 1927 1266 1962 sunu
1333 1909 1349 1972 Ἰ
1408 1913 1436 1961 in
1459 1912 1575 1974 godcund
1627 1913 1695 1962 word
1781 1915 1889 1976 discipul
1909 1902 1955 2002 ''b-
1993 1914 2093 1964 sacerdo
2133 1815 2411 2086 ww

299 1983 445 2055 ‘'Marcus
477 1991 668 2078 euangelista
709 1981 744 2057 di
783 2003 813 2058 et
833 1991 918 2056 Petri
940 1991 970 2054 in
995 1991 1175 2079 baptismate
1195 1991 1276 2056 filius
1296 2001 1390 2077 atque
1408 1992 1441 2055 in
1463 1991 1568 2056 diuino
1591 2013 1734 2056 sermone
1755 1992 2147 2080 discipulus'sacerdotium

220 2128 245 2174 lu
287 2127 376 2175 israhel
414 2127 495 2176 doend
581 2119 627 2176 all
727 2128 834 2177 liohoma
880 2121 945 2177 leuii
1004 2129 1125 2191 geoarmd
1177 2135 1203 2176 to
1238 2129 1334 2189 galeata
1352 2130 1438 2178 cristes
1503 2129 1617 2190 godspcll
1684 2131 1710 2176 in
1745 2129 1814 2176 ltalia
1860 2129 1935 2178 aurit
2004 2131 2125 2179 adeunde

217 2205 250 2268 in
271 2203 383 2270 israhel
405 2227 502 2292 agens
522 2206 691 2272 secundum
713 2228 837 2270 carnem
863 2206 957 2270 leuita
985 2229 1151 2272 conuersus
1174 2207 1214 2271 ad
1242 2208 1335 2272 tidem
1363 2205 1427 2292 Xfri
1456 2207 1652 2292 euangelium
1678 2205 1712 2268 in
1732 2205 1823 2270 ltalia
1843 2207 1964 2271 scribsit
1985 2209 2149 2274 osteudens

218 2344 244 2390 iu
272 2340 325 2390 dou
369 2340 395 2417 15
453 2358 481 2393 cc
533 2358 598 2406 cyuu
650 2344 689 2392 hle
716 2344 802 2392 rehtllc
822 2357 883 2392 were
907 2340 922 2401 Ἰ
951 2344 1022 2392 crista
1049 2333 1115 2393 ibon
1159 2345 1238 2392 fruma
1274 2333 1461 2394 secluseras
1487 2346 1514 2392 lu
1540 2343 1620 2390 stema
1654 2343 1804 2404 witgeonges
1839 2343 2151 2406 ceigendeslclioppcnda

149 2475 156 2492 ,
217 2419 249 2481 in
278 2439 314 2484 eo
336 2420 420 2506 quod
448 2431 479 2486 et
498 2422 608 2507 generi
635 2445 691 2487 suo
729 2421 855 2487 deberet
895 2431 927 2487 et
945 2421 1028 2507 Xpo.
1050 2444 1123 2485 nam
1144 2421 1264 2486 initium
1295 2421 1438 2508 principii
1480 2422 1512 2486 in
1539 2441 1615 2485 voce
1634 2421 1815 2507 prophetiae
1878 2420 2109 2486 exclamationis
2191 2425 2212 2488 5

218 2556 343 2606 settandos
361 2559 373 2605 l
390 2565 484 2619 goaettc
523 2559 703 2610 endebrednisa
734 2558 787 2609 'tes
805 2560 858 2608 leui
901 2558 937 2608 lir
955 2559 966 2606 l
984 2557 1054 2607 xtra
1095 2559 1211 2608 adeunda
1246 2556 1298 2634 '13²⁰
1376 2556 1476 2608 bodude
1604 2545 1724 2618 iegesaegd
2071 2573 2137 2608 sunu

280 2635 440 2701 instituens
541 2638 682 2704 ordinem
728 2638 869 2703 leuiticac
903 2636 1042 2702 lectionis
1085 2635 1218 2702 ostendit
1257 2645 1290 2699 ut
1329 2635 1510 2723 praedicans
1537 2634 1789 2722 praedistinctum
1828 2635 2000 2702 Iohannem
2052 2638 2149 2702 filium

253 2774 383 2846 zacharias
430 2776 457 2822 ln
491 2777 571 2825 stefm
606 2777 690 2837 angles
758 2776 884 2837 raegande
935 2772 1061 2836 gerendod
1114 2787 1144 2821 na
1197 2771 1285 2850 jesue
1348 2773 1413 2820 word
1461 2773 1568 2821 lichoma
1594 2771 1724 2832 geworden
1765 2771 1794 2820 ab
1839 2773 1945 2821 lichoma
1976 2773 2068 2825 drihtes
2088 2775 2151 2826 berh

219 2851 407 2917 Zaechariae
434 2853 467 2916 in
494 2875 572 2918 uoce
600 2853 704 2940 angeli
732 2853 916 2919 enuntiantis
947 2853 1060 2917 emissit
1099 2873 1162 2915 non
1190 2851 1292 2915 solum
1320 2851 1450 2916 uerbum
1485 2872 1558 2914 caro
1605 2851 1721 2913 factum
1751 2850 1807 2914 scd
1840 2873 1951 2938 corpus
2001 2853 2054 2917 dr'ri
2096 2877 2152 2940 per

257 2987 325 3035 word
367 2987 511 3048 godcuudes
546 2990 611 3038 stetu
654 2991 791 3052 gesavcled
839 2993 918 3039 fruma
961 2989 1133 3051 godepellesca
1217 2989 1270 3040 'das
1289 2989 1367 3036 bodes
1428 3000 1490 3036 were
1508 2987 1630 3036 adenstad
1657 2986 1708 3063 pta
1732 2987 1795 3037 saba
1836 2988 1884 3038 ’das
1938 2989 2008 3038 redes
2040 2991 2108 3040 wlttc
2123 2992 2153 3040 ba

193 3066 351 3130 ¹uerbum
385 3066 497 3132 diuinae
526 3068 611 3134 uocis
632 3069 801 3134 animatum
829 3069 915 3133 initio
944 3068 1142 3153 euangelicae
1168 3065 1403 3154 praedicationis
1454 3065 1617 3131 ostendens
1667 3077 1700 3130 ut
1738 3067 1791 3153 qui
1816 3067 1893 3132 baec
1914 3067 2021 3154 legens
2051 3071 2142 3136 sciret

220 3211 246 3251 to
267 3204 347 3252 huam
378 3203 459 3252 lruma
499 3205 617 3252 lichomas
642 3205 668 3254 iu
692 3205 790 3254 drihtno
813 3199 829 3262 Ἰ
849 3205 972 3253 harenosa
998 3203 1173 3266 tocymeudal
1284 3202 1331 3250 hus
1433 3203 1556 3250 rehtwere
1592 3209 1789 3253 tooucnauauue
1831 3204 1881 3252 oud
1916 3203 1942 3252 lu
1960 3204 2012 3252 him
2061 3205 2129 3254 word

262 3283 312 3346 cui
360 3281 480 3345 initium
507 3282 608 3347 carnis
635 3283 667 3346 in
708 3281 770 3346 diro
806 3293 837 3348 et
884 3283 938 3346 ihu
986 3283 1176 3347 aduenientis
1197 3280 1406 3345 habitaculum
1429 3280 1555 3345 deberet
1602 3303 1773 3367 agnoscere
1800 3293 1893 3368 atque
1911 3282 1942 3344 in
1970 3303 2003 3346 se
2022 3284 2152 3349 uerbum

220 3421 311 3468 sternes
351 3415 403 3493 “pte
450 3418 478 3467 ln
564 3417 726 3470 eleusinum
811 3419 882 3468 losad
901 3435 962 3468 were
1034 3419 1145 3469 oulundc
1196 3409 1243 3468 ali
1261 3417 1316 3468 'dou
1362 3413 1378 3476 1
1415 3417 1516 3474 εηάιιιηι
1534 3417 1545 3464 l
1561 3417 1653 3477 fyluisc
1693 3417 1834 3479 godspcllcs
1874 3431 1936 3466 vero
1975 3423 2003 3468 Iu
2023 3419 2084 3468 eodo
2128 3416 2144 3479 1

222 3497 306 3563 uocis
342 3496 426 3584 quod
458 3498 490 3560 in
527 3499 767 3564 consonantibus
801 3499 979 3582 perdiderat
1009 3499 1163 3564 inueniret
1194 3497 1328 3583 denique
1357 3505 1388 3562 et
1456 3494 1603 3581 perfectio
1688 3495 1842 3580 euangelii
1867 3518 1944 3582 opus
1975 3498 2092 3562 intrans
2124 3508 2155 3564 et
2176 3501 2216 3564 10

221 3633 278 3680 mi'e
300 3633 397 3680 tulwlht
430 3633 541 3684 drihtuea
610 3636 702 3698 budiga
777 3636 826 3698 god
862 3649 962 3698 ongean
985 3637 996 3684 l
1019 3639 1146 3698 onglnnau
1197 3649 1228 3685 ue
1330 3647 1402 3682 uranu
1507 3631 1635 3680 accerrmm
1692 3631 1815 3681 lichomas
1858 3633 1912 3682 ’oon
1947 3635 1973 3682 in
2033 3649 2121 3685 arram

236 3712 388 3796 baptismo
449 3712 502 3774 dr‘ri
559 3715 736 3798 praedicare
770 3713 823 3779 drir
927 3715 1053 3780 inccans
1177 3736 1241 3779 non
1285 3711 1441 3778 laborauit
1472 3711 1663 3776 natiuitatem
1696 3712 1796 3776 carnis
1828 3735 1921 3798 quam
1943 3715 1975 3778 in
1999 3715 2153 3802 prioribus

223 3845 352 3896 secundat
366 3859 428 3894 ware
455 3846 559 3896 cacabo
597 3849 628 3896 alr
713 3849 745 3896 all
790 3851 817 3898 in
836 3851 901 3900 ’dara
921 3841 1034 3900 lementi]
1113 3850 1166 3900 ’dict
1183 3851 1218 3900 tul
1312 3837 1417 3898 iletenes
1492 3839 1574 3896 rasim
1670 3848 1732 3896 tales
1836 3863 1955 3912 cunnung
2048 3851 2143 3902 diablec

265 3926 380 3990 uicerat
455 3925 558 3991 dicere
587 3925 643 3990 sed
674 3935 771 3991 totum
843 3928 982 4014 inprimis
1056 3927 1279 4014 expositionem
1316 3927 1429 3992 deserti
1466 3925 1613 3990 ieiunium
1650 3926 1770 3989 numeri
1805 3927 2005 3992 tentationem
2040 3928 2154 3996 diaboli

279 4061 448 4138 *promum
546 4063 666 4114 wlldeora
712 4060 728 4123 1
800 4063 898 4114 horulae
999 4066 1085 4114 brohtc
1189 4064 1261 4126 angla
1327 4062 1380 4140 fite
1454 4069 1517 4114 satta
1594 4065 1650 4114 usin
1684 4069 1711 4112 to
1791 4077 1958 4114 oncuawanuc
2033 4068 2147 4117 suiudrio

223 4141 498 4228 congregationem
518 4141 686 4206 bestiarum
707 4153 737 4207 et
757 4142 959 4207 ministerium
979 4141 1107 4229 protulit
1127 4142 1310 4227 angelorum
1338 4152 1373 4207 ut
1407 4143 1567 4208 instituens
1596 4163 1652 4206 nos
1681 4141 1720 4205 ad
1751 4141 1987 4227 intelligendum
2031 4145 2155 4230 singula

412 4279 440 4328 ln
467 4279 556 4340 lytlum
574 4279 585 4326 l
603 4279 631 4328 ln
647 4284 771 4330 sceortum
839 4279 986 4355 gemerccda
1055 4293 1086 4328 na
1185 4285 1296 4328 sctnessc
1371 4293 1475 4328 woorccs
1616 4277 1698 4326 alcedo
1757 4273 1773 4336 Ἰ
1820 4275 1873 4326 bas
1892 4279 2032 4339 gcendadas
2059 4297 2148 4334 werces

224 4355 289 4444 [fol.
311 4355 380 4445 89b]
411 4357 444 4420 in
575 4357 681 4422 breuia
806 4359 1007 4446 compingens
1039 4380 1096 4423 nec
1132 4357 1343 4421 auctoritatem
1381 4358 1454 4420 facti
1492 4357 1536 4420 rei
1583 4354 1721 4420 demeret
1756 4367 1786 4420 et
1830 4357 2010 4443 perficiendi
2057 4363 2143 4448 operi

242 4494 310 4544 boue
323 4493 435 4554 lyllnisse
487 4507 518 4542 nc
554 4494 644 4544 cardea
661 4494 672 4543 l
689 4494 763 4544 ualde
781 4507 885 4545 onsscca
927 4493 1017 4543 solida
1054 4500 1080 4542 to
1098 4493 1206 4542 tellaune
1227 4493 1238 4540 l
1256 4499 1281 4540 to
1300 4493 1438 4542 clansmne
1464 4491 1516 4538 him
1549 4483 1596 4540 alt
1630 4491 1685 4540 lutu
1702 4493 1713 4540 l
1731 4493 1825 4554 galeato
1860 4496 1964 4555 geneture
1999 4498 2166 4552 acuedcnbib

223 4571 447 4661 plenitudinem
467 4593 532 4637 non
655 4583 784 4660 negaret
836 4619 844 4635 .
899 4572 1032 4657 denique
1155 4581 1329 4658 amputasse
1459 4569 1518 4633 sibi
1537 4579 1606 4656 post
1677 4571 1771 4636 fidem
1843 4573 1988 4661 pollicem
2027 4575 2139 4644 dicitur
2179 4585 2216 4646 15

223 4745 276 4821 'pto
298 4745 356 4796 rul'd
374 4743 513 4794 sacerdhtd
566 4733 660 4807 {erdod
714 4757 775 4794 ware
794 4744 867 4792 hacid
902 4743 932 4792 ab
984 4741 1075 4818 “panc
1124 4741 1290 4802 arnags’souta
1324 4747 1351 4791 to
1368 4743 1423 4793 lulo
1494 4687 1623 4806 {sabrolio
1706 4751 1769 4795 cette
1804 4745 1947 4810 gecorenlro
2043 4762 2075 4798 ne
2115 4763 2160 4799 sua

225 4835 259 4890 ut
319 4823 491 4889 sacerdotio
533 4823 685 4909 reprobus
705 4823 872 4888 haberetur
891 4822 947 4886 sed
967 4831 1086 4885 tantum
1107 4819 1301 4884 consentiens
1332 4819 1403 4883 fidei
1452 4821 1660 4906 predistinata
1686 4825 1788 4911 posuit
1825 4825 1933 4891 electio
1977 4837 2011 4892 ut
2035 4849 2092 4892 nec
2109 4830 2156 4906 ,sic
2194 4839 2240 4922 sb

260 5051 281 5112 ⁰)
305 5056 333 5102 a'a
350 5056 464 5116 aceretae
481 5054 597 5115 laram
614 5053 686 5102 bace:
710 4997 744 5116 ’di
762 5049 880 5112 litgtcndo
898 5049 948 5111 god
965 5062 1069 5111 gemync
1087 5048 1127 5098 'du
1144 5046 1243 5098 cadule
1262 5045 1278 5106 Ἰ
1299 5047 1426 5100 ebllwsld
1448 5047 1464 5110 1
1490 5050 1590 5106 bllllrlb
1614 5049 1629 5114 1
1655 5053 1740 5104 aldred
1764 5049 1850 5120 peecai
1875 5055 1922 5105 'tas
1946 5056 2051 5106 tannero
2075 5054 2131 5106 ml'd
2154 5058 2219 5117 goda

711 5136 768 5197 ymb
787 5148 885 5184 wocron
903 5133 952 5183 ’aas
968 5133 1014 5182 boc

288 5295 306 5336 l.
326 5293 445 5348 capitulae
458 5295 505 5340 lis.
537 5295 557 5338 ³.
577 5295 619 5339 llcl
641 5297 732 5339 alectus.
764 5296 785 5337 l.
805 5295 1001 5340 escandens.
1033 5294 1330 5349 t.1.qctd.proptetieaa
1355 5297 1375 5340 6.
1389 5297 1447 5340 aude
1466 5297 1581 5342 bredulrc.
1601 5300 1709 5342 edoardo
1728 5301 1774 5344 18.
1795 5321 1820 5328 -
1836 5298 1850 5340 l.
1870 5299 1996 5342 elertlouls.
2018 5299 2218 5352 praedestinatum.

324 5362 344 5402 7.
358 5361 521 5404 annuntiantia.
539 5363 583 5404 ced
596 5366 626 5405 et
644 5362 665 5405 Β.
678 5361 712 5405 uel
725 5361 805 5405 anwed
821 5361 866 5406 Hs.
887 5361 907 5404 9.
922 5361 1017 5404 taluam
1030 5361 1076 5404 ns.
1090 5381 1115 5391 —
1128 5363 1143 5404 Ι.
1159 5371 1211 5404 earo
1225 5361 1328 5404 deberet
1353 5363 1386 5406 ¹⁰.
1400 5363 1415 5405 l.
1429 5364 1532 5416 persecu.
1549 5365 1657 5408 inauret
1682 5365 1743 5408 121.
1760 5365 1857 5407 viderat.
1873 5363 2220 5418 todaaaxprimaas.uumcrun

324 5425 412 5468 lernau.
437 5426 889 5482 ts.r.oravr.naaarcaacrls.-1.
905 5425 1083 5482 rumesperc.
1108 5427 1140 5470 ¹5.
1157 5425 1285 5480 pertusa.
1310 5427 1342 5470 lt
1358 5429 1429 5472 tolulo
1443 5428 1488 5475 18.
1503 5432 1556 5473 -Ι,
1569 5431 1740 5483 praedestinata
1762 5431 1844 5484 potuit.

1950 5497 1966 5558 1
