4966 6294
1225 399 1470 474 ..58-

426 613 500 647 noma
552 600 648 647 minum
685 598 719 647 ’de
734 597 768 648 be
803 598 902 647 wutudt
954 597 1085 660 giboelgas
1137 612 1169 648 on
1214 597 1276 647 ende
1329 597 1375 648 bes
1437 600 1476 648 hal
1548 597 1596 648 bie
1736 597 1793 648 mi'o
1804 598 1841 660 ’oy
1877 599 1965 648 sonae
2000 614 2030 660 go
2047 600 2136 661 gisea’d
2179 604 2241 655 eona
2257 615 2321 662 aaron

408 699 521 741 nomen
547 698 659 740 meum.
696 677 748 762 qui
800 686 903 740 autem
932 679 1109 741 sustinuerit
1138 678 1168 740 in
1200 678 1294 742 finem
1326 678 1377 742 hic
1407 677 1511 741 saluus
1544 677 1609 741 erit.
1665 677 1713 740 14.
1747 677 1827 743 Cum
1869 688 1970 742 eutem
1995 677 2136 743 'uideritis
2166 684 2322 754 abdomine-

408 813 471 860 trom
488 825 608 862 moenum
642 815 706 860 from
724 812 833 860 slirnisse
868 811 1005 861 standende
1041 814 1088 862 ’our
1134 827 1166 860 ne
1209 813 1279 862 rise't
1311 813 1382 864 sebe
1410 815 1480 862 redes
1516 827 1645 862 onenaues
1682 811 1762 862 'eabe
1800 814 1885 863 ¹bonne
1919 815 1946 860 in
1983 813 2082 860 tudeam
2117 815 2206 862 sindon
2242 821 2295 870 naas

451 890 567 954 donem
641 889 837 953 desolationis
874 898 1006 953 stantem
1041 891 1093 954 ubi
1115 913 1177 954 non
1200 891 1292 955 debet
1321 893 1374 977 qui
1406 892 1483 975 legit
1505 891 1657 974 intelligat
1692 891 1744 972 qni
1803 901 1877 952 tune
1914 890 1945 952 in
1974 889 2091 952 Iudaea
2125 900 2194 952 sunt
2222 894 2324 976 fugiant

409 1039 443 1074 on
481 1030 580 1072 mantas
709 1021 725 1083 Ἰ
765 1023 844 1072 ease
885 1025 937 1072 oter
1011 1026 1067 1072 hrot
1116 1039 1147 1073 ne
1207 1026 1308 1084 artigas
1362 1028 1389 1073 in
1456 1025 1503 1072 hue
1577 1034 1609 1068 ne
1661 1024 1737 1076 luges
1785 1018 1838 1090 ¹151³
1871 1023 1939 1066 nima
1965 1024 2043 1070 hwela
2060 1025 2178 1085 hwoegnu
2207 1031 2230 1074 ot
2265 1031 2315 1078 tuse

410 1101 442 1162 in
470 1111 590 1164 montes
634 1103 682 1164 15.
705 1111 735 1164 et
776 1103 830 1186 qui
864 1123 959 1188 super
978 1111 1091 1167 tectum
1114 1126 1154 1166 ne
1176 1102 1342 1168 descendat
1361 1104 1393 1164 in
1415 1103 1542 1165 domum
1563 1119 1621 1160 nse
1641 1095 1773 1157 introeat
1794 1102 1828 1156 ut
1859 1095 1947 1155 tollat
2030 1097 2104 1178 quid
2193 1105 2324 1168 dedomo
2422 1151 2423 1172 .

425 1235 464 1283 his
608 1233 624 1294 Ἰ
662 1235 725 1285 rebe
761 1251 793 1284 on
829 1237 904 1284 lende
939 1235 988 1283 bre
1028 1249 1059 1282 ne
1108 1239 1141 1282 eft
1158 1238 1261 1296 gicerreu
1405 1241 1431 1284 to
1450 1236 1583 1283 niomanne
1658 1230 1754 1290 giwado
1864 1229 1903 1277 his
2061 1242 2104 1276 we
2139 1234 2233 1281 wirtudt
2271 1236 2326 1286 ’eam

411 1337 475 1378 sua.
520 1314 568 1377 16.
589 1312 631 1377 Et
666 1314 719 1398 qui
760 1313 792 1376 in
824 1335 901 1397 agro
933 1311 991 1373 erit
1012 1333 1075 1374 non
1097 1321 1271 1376 reuertatur
1292 1322 1374 1376 retro
1437 1310 1548 1374 tollere
1598 1309 1812 1372 uestimentum
1835 1329 1933 1370 suum.
1979 1308 2027 1369 17.
2051 1307 2120 1374 Uae
2140 1320 2238 1374 autem
2255 1337 2326 1399 prae·
2422 1377 2423 1380 ,

425 1450 562 1499 berendom
604 1445 620 1506 Ἰ
675 1447 826 1496 medendum
878 1449 903 1494 in
933 1446 1001 1496 'dem
1036 1447 1127 1506 dagam
1249 1445 1365 1507 gibiddea
1391 1443 1484 1494 torbon
1510 1444 1587 1493 batte
1622 1443 1710 1491 wintro
1751 1455 1782 1490 ne
1835 1444 1870 1490 sie
1990 1443 2165 1498 besiowret,
2245 1449 2326 1498 biotae

369 1528 578 1614 bgnantibus
599 1538 628 1591 et
650 1526 853 1590 nutrientibus
875 1525 906 1588 in
938 1524 998 1587 illis
1027 1523 1143 1586 dicbus.
1178 1524 1226 1587 18.
1259 1523 1357 1590 Orate
1398 1545 1474 1587 uero
1532 1533 1564 1586 ut
1615 1522 1716 1587 hieme
1737 1543 1800 1584 non
1821 1521 1875 1584 fiet
1897 1521 1972 1609 fuga
2013 1532 2124 1587 uestra.
2184 1527 2228 1590 19.
2244 1527 2327 1592 Erunt

410 1664 503 1713 forbou
539 1664 613 1724 degas
649 1663 686 1713 'ta
752 1668 881 1724 costunges
944 1661 1044 1710 'caelico
1079 1662 1166 1710 swelce
1216 1675 1247 1709 ne
1307 1674 1389 1708 weron
1442 1661 1479 1708 tro
1515 1662 1594 1708 fruma
1630 1657 1705 1708 'tasse
1719 1659 1826 1718 giscette
1870 1659 1937 1709 eoas
2003 1661 2089 1723 gieoop
2160 1663 2208 1724 god
2263 1666 2308 1714 uit

413 1744 496 1808 euim
546 1744 611 1807 dies
650 1743 694 1804 illi
715 1741 925 1805 tribulationes
956 1739 1033 1804 tales
1072 1741 1178 1826 quales
1200 1761 1262 1804 non
1285 1739 1411 1804 fuerunt
1441 1740 1481 1803 ab
1513 1739 1599 1802 initio
1658 1746 1816 1801 creaturae
1858 1760 1951 1823 quem
1979 1739 2116 1803 condidit
2137 1740 2221 1805 Deus
2248 1766 2327 1828 usquc

435 1895 471 1928 uu
538 1895 569 1928 ns
588 1895 614 1929 ec
659 1877 756 1927 bio'ton
901 1873 1015 1936 lauta
1075 1879 1182 1938 giscyrte
1278 1877 1333 1925 drilt
1402 1877 1476 1937 dages
1497 1874 1545 1925 ’eas
1580 1889 1611 1925 ne
1679 1889 1741 1924 were
1802 1877 1844 1925 hal
1887 1877 1993 1938 eghwelo
2020 1879 2129 1927 tichoma
2163 1880 2193 1927 ah
2256 1882 2288 1926 tar

358 1965 363 1972 '
417 1981 500 2022 nunc
527 1978 627 2042 neque
666 1955 748 2019 fient.
809 1957 859 2022 20.
884 1955 925 2019 Et
953 1957 1011 2020 nisi
1045 1956 1214 2020 breuiasset
1235 1955 1377 2020 dominus
1442 1955 1507 2020 dies
1570 1978 1631 2020 non
1653 1955 1760 2018 fuisset
1780 1954 1867 2019 selua
1886 1956 1986 2019 omnis
2028 1979 2110 2020 earo.
2149 1957 2204 2020 sed
2223 1971 2327 2044 propter
2422 2017 2423 2024 ,

417 2096 482 2145 ’cam
499 2098 628 2156 gleoraum
664 2093 698 2143 ’ta
745 2094 827 2155 giceos
880 2095 985 2154 giscyrto
1031 2092 1065 2142 'ta
1084 2092 1159 2152 degas
1286 2091 1301 2151 Ἰ
1350 2093 1404 2142 son
1439 2095 1478 2154 gif
1510 2093 1564 2140 hwa
1617 2094 1665 2142 iow
1712 2090 1812 2141 ruebas
1847 2092 1927 2141 heono
1963 2093 2006 2142 ’bis
2048 2097 2069 2144 is
2112 2088 2116 2096 ’
2157 2095 2215 2143 crist
2264 2095 2325 2142 hrono
2422 2153 2423 2158 ¹

465 2175 577 2240 eleetos
641 2196 717 2258 quos
739 2173 833 2258 elegit
855 2173 1007 2238 breuiauit
1055 2173 1129 2237 dies.
1198 2174 1247 2237 21.
1271 2172 1312 2237 Et
1333 2185 1413 2237 tunc
1441 2173 1466 2236 si
1502 2173 1569 2256 quis
1590 2172 1678 2236 uobis
1700 2171 1813 2236 dixerit
1849 2194 1921 2238 eece
1952 2173 2002 2237 hic
2032 2185 2078 2238 cst
2108 2173 2246 2240 Christus
2272 2196 2326 2238 occe
2422 2173 2423 2176 ’

420 2311 466 2360 'ter
500 2325 532 2359 ue
567 2313 658 2372 gelatas
676 2324 704 2371 gs
725 2309 777 2359 ’δεῖ
947 2310 1033 2359 arisa’d
1103 2310 1196 2360 sorbeo
1233 2309 1396 2360 wiberworde
1415 2311 1489 2359 criste
1523 2305 1539 2367 Ἰ
1593 2308 1755 2358 witleruorde
1774 2313 1851 2372 wit-gu
1902 2309 1919 2370 Ἰ
1974 2312 2057 2362 sallat
2113 2315 2194 2362 bacun
2227 2311 2242 2372 Ἰ
2289 2313 2326 2360 far-

414 2390 537 2454 illicne
573 2389 774 2453 credideritis.
824 2389 874 2455 22.
895 2387 1077 2475 Exsurgent
1110 2389 1190 2454 enim
1255 2389 1480 2477 pseudochristi
1519 2399 1549 2452 et
1579 2388 1866 2474 pseudoprophetae
1895 2400 1926 2453 et
1952 2390 2070 2455 dabunt
2102 2393 2194 2477 signe
2225 2401 2252 2454 et
2276 2413 2327 2476 por·

428 2527 481 2575 tina
532 2534 558 2574 to
619 2527 768 2587 gisaicanna
826 2527 864 2586 gil
901 2525 950 2574 bib
992 2526 1090 2587 mehtig
1125 2525 1222 2575 so'tlice
1265 2525 1301 2576 ’ta
1318 2530 1421 2586 gicornu
1546 2525 1621 2573 iowih
1656 2523 1748 2573 torbon
1785 2525 1874 2584 gisea'o
1909 2527 1989 2575 heono
2026 2529 2078 2576 fore
2097 2531 2122 2576 io
2141 2527 2226 2577 cucco
2279 2530 2315 2575 toa

354 2607 394 2670 10
415 2615 498 2670 tenta
526 2605 566 2668 ad
594 2604 786 2668 seducendos
836 2602 862 2664 si
893 2602 960 2666 fieri
992 2613 1093 2690 potest
1127 2605 1219 2669 etiam
1282 2605 1403 2670 eleetos.
1474 2605 1524 2668 23.
1551 2603 1618 2670 Uos
1662 2625 1737 2688 ergo
1781 2603 1882 2668 uidete
1913 2627 1985 2670 cccc
2058 2607 2202 2692 praedixi
2260 2606 2328 2668 uobis

441 2741 489 2788 alle
660 2741 690 2788 alr
734 2742 760 2789 in
797 2740 863 2790 'tem
898 2740 989 2800 dagam
1024 2742 1090 2789 aefter
1177 2747 1295 2800 costunge
1373 2739 1611 2800 dagonaearailera
1637 2752 1716 2787 suone
1775 2739 1823 2788 bre
1841 2741 1983 2800 gisiostrad
2041 2740 2057 2800 Ἰ
2095 2757 2172 2792 mona
2206 2757 2235 2791 ne
2274 2741 2328 2790 selei

415 2819 526 2882 emnia.
569 2819 618 2882 24.
642 2817 706 2885 Sed
729 2820 758 2882 in
799 2820 859 2883 illis
888 2819 996 2884 diebus
1022 2829 1093 2905 post
1119 2819 1348 2885 tribulationem
1461 2819 1547 2884 illam
1650 2818 1697 2883 sol
1741 2819 2010 2884 contenebrabitur
2035 2831 2065 2886 et
2089 2821 2168 2886 luna
2188 2845 2248 2887 non
2264 2821 2328 2885 debit

489 2954 542 3003 leht
671 2956 711 3004 hts
880 2953 896 3014 Ἰ
945 2962 1039 3004 steorru
1085 2956 1186 3006 heotnes
1233 2956 1333 3006 bto’tun
1397 2956 1529 3005 attollendo
1587 2953 1603 3014 Ἰ
1650 2968 1743 3016 megan
1761 2957 1773 3004 t
1790 2957 1877 3005 mahte
1914 2957 1995 3008 ’tabe
2036 2960 2133 3009 sindun
2169 2974 2200 3008 on
2234 2960 2328 3007 heotnun

417 3032 616 3120 splendorem
646 3057 736 3099 suum
793 3035 844 3099 25.
877 3045 908 3100 et
944 3036 1051 3100 stellae
1100 3034 1177 3099 coeli
1243 3045 1334 3098 erunt
1371 3034 1545 3099 decidentes
1584 3043 1614 3098 et
1697 3033 1825 3099 uirtutes
1916 3058 1995 3121 quae
2047 3047 2121 3102 sunt
2169 3039 2199 3102 in
2239 3035 2315 3102 coelis

414 3171 522 3232 gistyred
542 3171 641 3220 bia’oun
766 3171 782 3230 Ἰ
821 3171 907 3220 bonne
959 3172 1047 3232 gisea’o
1118 3185 1181 3220 euno
1243 3184 1346 3219 mounes
1419 3172 1538 3232 cymende
1597 3173 1625 3220 ot
1657 3172 1780 3220 wolcnum
1819 3171 1877 3222 mi’e
1927 3186 2020 3236 megae
2071 3175 2147 3222 micle
2196 3171 2212 3233 Ἰ
2258 3171 2329 3220 nube

417 3251 634 3314 mouebantur.
684 3249 733 3314 26.
755 3248 798 3313 Et
827 3260 901 3313 tunc
930 3251 1079 3314 uidebant
1106 3251 1204 3314 filium
1233 3249 1366 3314 hominis
1393 3249 1567 3314 uenientem
1594 3251 1625 3314 in
1655 3250 1787 3315 nubibus
1816 3273 1885 3314 cum
1913 3253 2027 3316 uirtute
2055 3253 2154 3317 multa
2183 3263 2213 3318 et
2241 3251 2327 3338 gloria

503 3383 519 3445 Ἰ
558 3386 644 3436 Boane
679 3386 767 3435 render
820 3389 904 3448 englis
971 3390 1010 3438 his
1057 3389 1073 3448 Ἰ
1145 3389 1270 3450 gtsomrne
1333 3386 1368 3436 ba
1385 3387 1488 3448 gieomu
1538 3387 1577 3434 hta
1618 3389 1682 3436 from
1735 3388 1827 3435 feower
1879 3387 1991 3436 windam
2026 3389 2089 3437 from
2151 3391 2218 3438 hrcle
2269 3385 2329 3434 corbo

419 3467 469 3530 27.
492 3464 534 3528 Et
563 3475 637 3529 tunc
679 3466 778 3530 mittet
804 3467 932 3552 angelos
960 3489 1032 3532 suos
1054 3477 1084 3532 et
1113 3467 1317 3553 congregabit
1365 3466 1478 3530 electos
1528 3489 1600 3528 suos
1650 3490 1668 3528 a
1710 3475 1855 3550 quattuor
1888 3467 1986 3530 uentis
2051 3490 2069 3530 e
2115 3490 2234 3532 summo
2252 3477 2331 3530 terrae

441 3603 495 3652 wie
547 3607 573 3650 to
613 3603 711 3651 briorde
727 3605 739 3651 t
756 3608 783 3652 to
800 3603 914 3653 laconicae
949 3605 1050 3654 heomer
1176 3605 1213 3650 tro
1248 3604 1355 3652 ficbeom
1396 3603 1484 3652 bonne
1526 3603 1631 3662 liomtge
1710 3603 1801 3664 btapell
1883 3603 1940 3652 ml’t
1954 3603 1993 3666 ’by
2026 3605 2130 3656 vutudt
2181 3607 2246 3666 tolga
2292 3603 2321 3648 his

357 3680 516 3765 reusque
547 3681 587 3744 ad
690 3703 844 3746 summum
962 3682 1049 3747 coeli.
1108 3683 1158 3746 28.
1180 3683 1212 3744 A
1274 3682 1334 3745 lieu
1391 3691 1493 3744 autem
1529 3680 1636 3745 discite
1666 3681 1854 3768 parabolem.
1905 3705 1975 3748 cunr
2049 3684 2111 3749 iarn
2154 3705 2254 3749 ramus
2281 3681 2330 3744 eius

416 3833 503 3882 hnisca
536 3833 636 3883 bio'oon
670 3831 686 3894 Ἰ
723 3836 815 3883 acarde
850 3835 949 3885 biobon
1000 3837 1051 3884 leot
1106 3840 1184 3884 votas
1201 3849 1231 3896 ge
1290 3833 1341 3910 pte
1359 3834 1436 3882 naht
1471 3847 1502 3880 on
1537 3839 1660 3882 necaesta
1713 3847 1739 3882 se
1782 3848 1871 3899 rumor,
1998 3851 2049 3885 awa
2082 3835 2099 3897 Ἰ
2137 3837 2212 3886 iowitr
2245 3833 2329 3890 mitte

419 3921 507 3977 tener
538 3912 631 3976 fuerit
663 3922 693 3976 et
735 3922 806 3977 nata
843 3913 957 3978 fuerint
982 3913 1057 3978 folia
1078 3914 1263 4000 cognoscitis
1326 3913 1399 3998 quie
1468 3912 1500 3976 in
1529 3914 1672 3999 proximo
1704 3915 1743 3976 sit
1771 3925 1878 3978 aestas.
1922 3916 1972 3980 29.
1995 3913 2049 3982 Sic
2077 3927 2108 3980 et
2150 3939 2206 3981 uos
2259 3935 2316 3978 cum

424 4079 454 4126 ge
473 4065 553 4124 gisam
610 4065 658 4115 ’tas
710 4079 777 4114 wora
811 4065 899 4115 wute’o
917 4081 947 4128 ge
987 4063 1039 4141 “pte
1089 4068 1179 4116 uofeor
1196 4068 1208 4116 t
1224 4067 1272 4117 neh
1317 4081 1343 4118 ae
1386 4071 1413 4117 in
1455 4069 1545 4118 durum
1725 4067 1775 4117 σοῦ
1828 4069 1852 4116 ic
1869 4067 1956 4118 carebo
2009 4069 2056 4118 iou
2140 4069 2230 4119 toreca
2294 4079 2318 4114 no

419 4143 555 4208 uideritis
593 4144 669 4210 haec
705 4145 773 4210 fieri
827 4146 934 4210 scitote
975 4145 1058 4230 quod
1084 4147 1117 4210 in
1136 4147 1278 4233 proximo
1312 4145 1350 4208 sit
1387 4147 1419 4209 in
1458 4146 1551 4211 ostiis.
1621 4147 1670 4210 30.
1699 4148 1805 4211 Amen
1863 4147 1932 4211 dieo
1991 4149 2080 4212 uobis
2113 4149 2254 4235 quoniam
2282 4165 2330 4208 non

379 4309 380 4312 ¹
424 4295 533 4356 giltore’t
587 4265 725 4346 oneoreeiro
778 4298 838 4347 ’otor
874 4298 964 4348 osset
1016 4299 1063 4347 elle
1118 4299 1166 4348 ’eas
1201 4298 1315 4360 graneo
1459 4301 1552 4347 hectun
1602 4295 1617 4358 Ἰ
1656 4298 1734 4348 eor'to
1798 4300 1898 4348 osslores
1968 4302 2034 4350 word
2069 4302 2172 4352 wutudt
2205 4303 2253 4350 mio
2294 4309 2319 4343 nr

420 4375 560 4438 transibit
580 4377 739 4462 generatio
768 4376 846 4441 haec
873 4376 972 4442 donec
994 4379 1096 4441 omnia
1118 4378 1175 4442 ista
1215 4377 1299 4442 fiant.
1369 4377 1419 4441 31.
1441 4375 1572 4442 Ocelum
1600 4386 1631 4440 et
1657 4386 1740 4441 terra
1760 4379 1934 4443 transibunt
1954 4381 2051 4444 uerba
2068 4391 2173 4446 autem
2200 4401 2264 4444 mea
2281 4395 2329 4439 non

460 4527 567 4585 gilioreb
720 4532 785 4578 lrom
820 4529 888 4590 daege
923 4528 1008 4579 boone
1043 4530 1142 4579 wutudt
1176 4527 1192 4589 Ἰ
1242 4527 1313 4588 ud]
1334 4531 1399 4590 hwyl
1433 4543 1465 4578 ne
1483 4530 1547 4590 renis
1581 4535 1640 4580 watt
1705 4543 1736 4578 ne
1807 4533 1891 4594 englis
1932 4546 1973 4586 on¹
2000 4535 2089 4584 heolus
2149 4549 2180 4584 ne
2233 4533 2265 4582 'te
2279 4541 2331 4578 sunu

421 4604 601 4669 transibunt.
643 4607 693 4670 32.
725 4606 776 4671 De
825 4607 875 4673 dic
916 4617 1018 4672 autem
1069 4607 1123 4672 illo
1160 4607 1212 4672 uel
1279 4609 1360 4673 hora
1446 4631 1538 4674 nemo
1585 4609 1643 4674 scit
1668 4632 1770 4696 neque
1798 4611 1902 4697 angeli
1930 4611 1963 4676 in
1995 4612 2082 4678 coelo
2115 4635 2215 4700 neque
2247 4609 2314 4674 filius

417 4759 478 4806 buta
513 4755 548 4806 ’oe
566 4757 639 4806 laeder
766 4761 848 4819 gisem
888 4761 1015 4822 gevemer
1049 4757 1064 4820 Ἰ
1101 4760 1216 4822 giblddae
1255 4776 1287 4811 ne
1305 4769 1438 4822 arrange
1476 4761 1570 4811 turbon
1605 4763 1724 4812 hwoenne
1766 4763 1813 4814 ’oio
1830 4765 1869 4812 tid
1904 4767 1940 4814 sie
2091 4781 2143 4815 swa
2177 4779 2249 4814 monn
2280 4760 2331 4809 sebt

357 4835 398 4898 20
418 4836 477 4902 nisi
519 4845 616 4922 pater.
676 4839 725 4902 33.
750 4838 860 4905 Uidete
894 4839 1020 4925 uigilate
1042 4847 1073 4904 et
1106 4850 1201 4904 orate.
1283 4841 1404 4905 nescitis
1482 4841 1563 4904 enim
1605 4842 1729 4925 quando
1758 4851 1879 4929 tempus
1900 4843 1946 4907 sit
1991 4845 2040 4908 34.
2064 4841 2154 4912 Sicut
2173 4846 2262 4909 homo
2290 4837 2332 4923 qui

461 4991 514 5037 teor
592 4989 702 5048 gitosrde
753 4991 866 5040 torleorte
943 4992 990 5040 hur
1068 4992 1107 5042 his
1158 4990 1174 5051 Ἰ
1212 4993 1280 5042 salde
1316 4992 1422 5043 'orelam
1456 4993 1494 5042 his
1579 4995 1666 5042 mette
1744 4996 1878 5057 eghwelcea
1931 4998 2036 5048 werchss
2076 4995 2091 5058 Ἰ
2141 4999 2206 5048 'trem
2223 4992 2332 5045 domorde
2422 5061 2423 5066 Ἰ

419 5087 550 5152 peregre
568 5067 722 5152 profectus
748 5067 872 5154 reliquit
892 5069 1019 5134 domum
1040 5093 1128 5136 suam
1149 5081 1179 5136 et
1203 5070 1287 5137 dedit
1322 5073 1420 5136 seruis
1441 5072 1504 5136 suis
1527 5080 1704 5158 potestatem
1737 5075 1884 5161 cuiusque
1927 5079 2029 5163 operis
2067 5087 2098 5142 et
2169 5075 2282 5142 ianitori

434 5218 550 5267 bibeodee
598 5217 624 5294 ᾖ
659 5221 689 5269 he
707 5235 791 5270 waeece
931 5237 1027 5272 uaccas
1068 5222 1161 5273 turbon
1195 5238 1227 5274 ne
1240 5231 1366 5287 wutunge
1400 5225 1493 5276 torbon
1532 5227 1634 5276 huonne
1670 5228 1832 5290 driltnesba'ol
1871 5230 1945 5280 husee
1989 5230 2082 5281 cumeil
2118 5245 2151 5280 on
2165 5233 2229 5279 staro
2239 5227 2273 5276 tid
2306 5225 2316 5269 l

419 5297 575 5383 praecepit
596 5309 630 5364 ut
664 5299 780 5385 uigilet
834 5300 884 5364 35.
906 5299 1045 5386 Uigilate
1077 5323 1152 5388 ergo
1222 5304 1343 5370 nescitis
1408 5305 1490 5370 enim
1521 5306 1646 5390 quande
1676 5306 1819 5372 dominus
1861 5308 1971 5374 domus
1991 5311 2095 5376 ueniat
2171 5330 2238 5374 sero
2298 5321 2330 5365 an
