<?xml version="1.0" encoding="UTF-8"?>
<!DOCTYPE html PUBLIC "-//W3C//DTD XHTML 1.0 Transitional//EN"
    "http://www.w3.org/TR/xhtml1/DTD/xhtml1-transitional.dtd">
<html xmlns="http://www.w3.org/1999/xhtml" xml:lang="en" lang="en">
 <head>
  <title>
</title>
<meta http-equiv="Content-Type" content="text/html;charset=utf-8" />
  <meta name='ocr-system' content='tesseract 3.04.00' />
  <meta name='ocr-capabilities' content='ocr_page ocr_carea ocr_par ocr_line ocrx_word'/>
</head>
<body>
  <div class='ocr_page' id='page_1' title='image "./screadungaanglo01boutgoog_0049.png"; bbox 0 0 4966 6294; ppageno 0'>
   <div class='ocr_carea' id='block_1_1' title="bbox 1173 356 1422 431">
    <p class='ocr_par' dir='ltr' id='par_1_1' title="bbox 1173 356 1422 431">
     <span class='ocr_line' id='line_1_1' title="bbox 1173 356 1422 431; baseline -0.008 -23"><span class='ocrx_word' id='word_1_1' title='bbox 1173 356 1422 431; x_wconf 65' lang='grc'><strong>,36-</strong></span> 
     </span>
    </p>
   </div>
   <div class='ocr_carea' id='block_1_2' title="bbox 366 549 2306 722">
    <p class='ocr_par' dir='ltr' id='par_1_2' title="bbox 366 549 2306 722">
     <span class='ocr_line' id='line_1_2' title="bbox 380 549 2288 628; baseline -0.003 -21"><span class='ocrx_word' id='word_1_2' title='bbox 380 557 433 607; x_wconf 89' lang='lat' dir='ltr'><strong>him</strong></span> <span class='ocrx_word' id='word_1_3' title='bbox 554 553 570 615; x_wconf 93' lang='grc' dir='ltr'><strong><em>Ἰ</em></strong></span> <span class='ocrx_word' id='word_1_4' title='bbox 607 555 685 606; x_wconf 69' lang='lat' dir='ltr'><strong>anab</strong></span> <span class='ocrx_word' id='word_1_5' title='bbox 719 561 745 605; x_wconf 84' lang='lat' dir='ltr'><strong>to</strong></span> <span class='ocrx_word' id='word_1_6' title='bbox 764 554 875 614; x_wconf 72' lang='grc' dir='ltr'>’ὁοιιιιιι</span> <span class='ocrx_word' id='word_1_7' title='bbox 913 553 953 602; x_wconf 87' lang='grc' dir='ltr'><strong>ιιι</strong></span> <span class='ocrx_word' id='word_1_8' title='bbox 985 550 1037 628; x_wconf 59' lang='lat' dir='ltr'><strong>iste</strong></span> <span class='ocrx_word' id='word_1_9' title='bbox 1106 557 1159 618; x_wconf 83' lang='lat' dir='ltr'><strong>scip</strong></span> <span class='ocrx_word' id='word_1_10' title='bbox 1230 555 1282 603; x_wconf 85' lang='lat' dir='ltr'><strong>him</strong></span> <span class='ocrx_word' id='word_1_11' title='bbox 1317 553 1451 616; x_wconf 73' lang='lat' dir='ltr'><strong>gibrohtun</strong></span> <span class='ocrx_word' id='word_1_12' title='bbox 1470 553 1482 600; x_wconf 84' lang='lat' dir='ltr'><strong>i</strong></span> <span class='ocrx_word' id='word_1_13' title='bbox 1500 551 1595 600; x_wconf 85' lang='lat' dir='ltr'><strong>herdun</strong></span> <span class='ocrx_word' id='word_1_14' title='bbox 1668 551 1707 599; x_wconf 82' lang='grc' dir='ltr'><strong>ιοι</strong></span> <span class='ocrx_word' id='word_1_15' title='bbox 1768 550 1836 602; x_wconf 72' lang='lat' dir='ltr'><strong>sem</strong></span> <span class='ocrx_word' id='word_1_16' title='bbox 1853 564 1970 613; x_wconf 72' lang='lat' dir='ltr'><strong>mengum</strong></span> <span class='ocrx_word' id='word_1_17' title='bbox 2005 549 2058 602; x_wconf 70' lang='lat' dir='ltr'><strong>bet</strong></span> <span class='ocrx_word' id='word_1_18' title='bbox 2074 551 2121 600; x_wconf 84' lang='grc' dir='ltr'>ιιιι</span> <span class='ocrx_word' id='word_1_19' title='bbox 2136 563 2169 600; x_wconf 88' lang='lat' dir='ltr'><strong>ns</strong></span> <span class='ocrx_word' id='word_1_20' title='bbox 2228 553 2288 601; x_wconf 85' lang='grc' dir='ltr'>ιοι·</span> 
     </span>
     <span class='ocr_line' id='line_1_3' title="bbox 366 630 2306 722; baseline -0.003 -22"><span class='ocrx_word' id='word_1_21' title='bbox 366 657 447 700; x_wconf 90' lang='lat' dir='ltr'><strong>eum.</strong></span> <span class='ocrx_word' id='word_1_22' title='bbox 489 635 518 700; x_wconf 90' lang='lat'><strong>9.</strong></span> <span class='ocrx_word' id='word_1_23' title='bbox 539 633 582 700; x_wconf 84' lang='lat' dir='ltr'><strong>Et</strong></span> <span class='ocrx_word' id='word_1_24' title='bbox 606 635 683 699; x_wconf 85' lang='lat' dir='ltr'><strong>dixit</strong></span> <span class='ocrx_word' id='word_1_25' title='bbox 720 633 877 719; x_wconf 82' lang='lat' dir='ltr'><strong>discipulis</strong></span> <span class='ocrx_word' id='word_1_26' title='bbox 899 632 962 698; x_wconf 89' lang='lat' dir='ltr'><strong>suis</strong></span> <span class='ocrx_word' id='word_1_27' title='bbox 997 643 1032 698; x_wconf 98' lang='grc' dir='ltr'><strong>ιιι</strong></span> <span class='ocrx_word' id='word_1_28' title='bbox 1060 632 1203 722; x_wconf 71' lang='lat' dir='ltr'><strong>nauicula</strong></span> <span class='ocrx_word' id='word_1_29' title='bbox 1228 631 1286 697; x_wconf 84' lang='lat' dir='ltr'><strong>sibi</strong></span> <span class='ocrx_word' id='word_1_30' title='bbox 1369 630 1538 696; x_wconf 89' lang='lat' dir='ltr'><strong>deseruiret</strong></span> <span class='ocrx_word' id='word_1_31' title='bbox 1620 638 1746 717; x_wconf 89' lang='lat' dir='ltr'><strong>propter</strong></span> <span class='ocrx_word' id='word_1_32' title='bbox 1807 630 1930 695; x_wconf 85' lang='lat' dir='ltr'><strong>turbam</strong></span> <span class='ocrx_word' id='word_1_33' title='bbox 2071 651 2112 696; x_wconf 91' lang='lat' dir='ltr'><strong>ne</strong></span> <span class='ocrx_word' id='word_1_34' title='bbox 2214 651 2306 696; x_wconf 89' lang='lat' dir='ltr'><strong>com-</strong></span> 
     </span>
    </p>
   </div>
   <div class='ocr_carea' id='block_1_3' title="bbox 365 763 2305 936">
    <p class='ocr_par' dir='ltr' id='par_1_3' title="bbox 365 763 2305 936">
     <span class='ocr_line' id='line_1_4' title="bbox 406 763 2285 844; baseline -0.003 -24"><span class='ocrx_word' id='word_1_35' title='bbox 406 770 496 837; x_wconf 82' lang='lat' dir='ltr'><strong>tteduu</strong></span> <span class='ocrx_word' id='word_1_36' title='bbox 561 773 619 820; x_wconf 88' lang='lat' dir='ltr'><strong>hine</strong></span> <span class='ocrx_word' id='word_1_37' title='bbox 754 768 888 832; x_wconf 66' lang='lat' dir='ltr'><strong>Jmonlge</strong></span> <span class='ocrx_word' id='word_1_38' title='bbox 924 769 1018 820; x_wconf 73' lang='grc' dir='ltr'>ιοιιοι</span> <span class='ocrx_word' id='word_1_39' title='bbox 1051 770 1083 820; x_wconf 94' lang='lat' dir='ltr'><strong>he</strong></span> <span class='ocrx_word' id='word_1_40' title='bbox 1099 769 1204 832; x_wconf 72' lang='lat' dir='ltr'><strong>gihalde</strong></span> <span class='ocrx_word' id='word_1_41' title='bbox 1239 769 1290 818; x_wconf 73' lang='grc' dir='ltr'><strong>ἰιι</strong></span> <span class='ocrx_word' id='word_1_42' title='bbox 1325 766 1377 844; x_wconf 56' lang='lat' dir='ltr'><strong>pte</strong></span> <span class='ocrx_word' id='word_1_43' title='bbox 1412 768 1459 816; x_wconf 84' lang='lat' dir='ltr'><strong>hia</strong></span> <span class='ocrx_word' id='word_1_44' title='bbox 1476 765 1574 816; x_wconf 84' lang='lat' dir='ltr'><strong>readun</strong></span> <span class='ocrx_word' id='word_1_45' title='bbox 1609 777 1642 814; x_wconf 92' lang='lat' dir='ltr'><strong>on</strong></span> <span class='ocrx_word' id='word_1_46' title='bbox 1686 765 1745 815; x_wconf 87' lang='lat' dir='ltr'><strong>hine</strong></span> <span class='ocrx_word' id='word_1_47' title='bbox 1779 763 1866 842; x_wconf 54' lang='lat' dir='ltr'><strong>phin</strong></span> <span class='ocrx_word' id='word_1_48' title='bbox 1909 766 1962 814; x_wconf 86' lang='lat' dir='ltr'><strong>him</strong></span> <span class='ocrx_word' id='word_1_49' title='bbox 2033 765 2168 827; x_wconf 72' lang='lat' dir='ltr'><strong>gihrlonun</strong></span> <span class='ocrx_word' id='word_1_50' title='bbox 2227 779 2285 815; x_wconf 81' lang='lat' dir='ltr'><strong>m</strong></span> 
     </span>
     <span class='ocr_line' id='line_1_5' title="bbox 365 845 2305 936; baseline -0.002 -24"><span class='ocrx_word' id='word_1_51' title='bbox 365 849 535 936; x_wconf 90' lang='lat' dir='ltr'><strong>primerent</strong></span> <span class='ocrx_word' id='word_1_52' title='bbox 554 871 633 913; x_wconf 88' lang='lat' dir='ltr'><strong>eum.</strong></span> <span class='ocrx_word' id='word_1_53' title='bbox 677 849 726 912; x_wconf 93' lang='lat'><strong>10.</strong></span> <span class='ocrx_word' id='word_1_54' title='bbox 746 847 876 912; x_wconf 78' lang='lat' dir='ltr'><strong>Multos</strong></span> <span class='ocrx_word' id='word_1_55' title='bbox 928 849 1011 912; x_wconf 90' lang='lat' dir='ltr'><strong>enim</strong></span> <span class='ocrx_word' id='word_1_56' title='bbox 1062 849 1190 914; x_wconf 87' lang='lat' dir='ltr'><strong>sanabat</strong></span> <span class='ocrx_word' id='word_1_57' title='bbox 1240 848 1282 912; x_wconf 90' lang='lat' dir='ltr'><strong>ita</strong></span> <span class='ocrx_word' id='word_1_58' title='bbox 1333 856 1368 912; x_wconf 92' lang='lat' dir='ltr'><strong>ut</strong></span> <span class='ocrx_word' id='word_1_59' title='bbox 1413 847 1567 911; x_wconf 83' lang='lat' dir='ltr'><strong>irruerent</strong></span> <span class='ocrx_word' id='word_1_60' title='bbox 1607 845 1640 908; x_wconf 90' lang='lat' dir='ltr'><strong>in</strong></span> <span class='ocrx_word' id='word_1_61' title='bbox 1678 867 1750 910; x_wconf 92' lang='lat' dir='ltr'><strong>eum</strong></span> <span class='ocrx_word' id='word_1_62' title='bbox 1808 856 1843 909; x_wconf 90' lang='lat' dir='ltr'><strong>ut</strong></span> <span class='ocrx_word' id='word_1_63' title='bbox 1889 845 1977 909; x_wconf 91' lang='lat' dir='ltr'><strong>illum</strong></span> <span class='ocrx_word' id='word_1_64' title='bbox 2012 853 2176 931; x_wconf 77' lang='lat' dir='ltr'><strong>tangerent</strong></span> <span class='ocrx_word' id='word_1_65' title='bbox 2209 854 2305 930; x_wconf 89' lang='lat' dir='ltr'><strong>quot-</strong></span> 
     </span>
    </p>
   </div>
   <div class='ocr_carea' id='block_1_4' title="bbox 365 979 2306 1150">
    <p class='ocr_par' dir='ltr' id='par_1_4' title="bbox 365 979 2306 1150">
     <span class='ocr_line' id='line_1_6' title="bbox 365 979 2301 1050; baseline -0.003 -16"><span class='ocrx_word' id='word_1_66' title='bbox 365 987 433 1036; x_wconf 80' lang='lat' dir='ltr'><strong>ieolu</strong></span> <span class='ocrx_word' id='word_1_67' title='bbox 469 986 554 1036; x_wconf 76' lang='lat' dir='ltr'><strong>&#39;eoum</strong></span> <span class='ocrx_word' id='word_1_68' title='bbox 571 985 649 1034; x_wconf 79' lang='lat' dir='ltr'><strong>herde</strong></span> <span class='ocrx_word' id='word_1_69' title='bbox 690 980 909 1050; x_wconf 64' lang='lat' dir='ltr'><strong>[subnectens</strong></span> <span class='ocrx_word' id='word_1_70' title='bbox 1056 981 1072 1044; x_wconf 94' lang='grc' dir='ltr'><strong><em>Ἰ</em></strong></span> <span class='ocrx_word' id='word_1_71' title='bbox 1141 989 1211 1045; x_wconf 71' lang='lat' dir='ltr'><strong>gasts</strong></span> <span class='ocrx_word' id='word_1_72' title='bbox 1283 985 1408 1032; x_wconf 78' lang='lat' dir='ltr'><strong>unclenra</strong></span> <span class='ocrx_word' id='word_1_73' title='bbox 1454 979 1551 1042; x_wconf 68' lang='lat' dir='ltr'><strong>mib’dy</strong></span> <span class='ocrx_word' id='word_1_74' title='bbox 1593 980 1652 1028; x_wconf 85' lang='lat' dir='ltr'><strong>hina</strong></span> <span class='ocrx_word' id='word_1_75' title='bbox 1716 983 1819 1044; x_wconf 76' lang='lat' dir='ltr'><strong>glscgun</strong></span> <span class='ocrx_word' id='word_1_76' title='bbox 1872 981 1993 1042; x_wconf 74' lang='lat' dir='ltr'><strong>giicollnn</strong></span> <span class='ocrx_word' id='word_1_77' title='bbox 2010 982 2022 1028; x_wconf 91' lang='grc' dir='ltr'><strong>ι</strong></span> <span class='ocrx_word' id='word_1_78' title='bbox 2039 983 2112 1031; x_wconf 79' lang='lat' dir='ltr'><strong>istun</strong></span> <span class='ocrx_word' id='word_1_79' title='bbox 2146 987 2173 1030; x_wconf 90' lang='lat' dir='ltr'><strong>to</strong></span> <span class='ocrx_word' id='word_1_80' title='bbox 2190 981 2242 1030; x_wconf 88' lang='lat' dir='ltr'><strong>him</strong></span> <span class='ocrx_word' id='word_1_81' title='bbox 2281 980 2301 1040; x_wconf 90' lang='grc' dir='ltr'><strong><em>Ἰ</em></strong></span> 
     </span>
     <span class='ocr_line' id='line_1_7' title="bbox 366 1058 2306 1150; baseline -0.004 -20"><span class='ocrx_word' id='word_1_82' title='bbox 366 1073 442 1150; x_wconf 90' lang='lat' dir='ltr'><strong>quot</strong></span> <span class='ocrx_word' id='word_1_83' title='bbox 483 1065 637 1129; x_wconf 76' lang='lat' dir='ltr'><strong>habebant</strong></span> <span class='ocrx_word' id='word_1_84' title='bbox 739 1063 859 1150; x_wconf 84' lang='lat' dir='ltr'><strong>plagas.</strong></span> <span class='ocrx_word' id='word_1_85' title='bbox 964 1063 1012 1126; x_wconf 90' lang='lat'><strong>11.</strong></span> <span class='ocrx_word' id='word_1_86' title='bbox 1042 1061 1084 1128; x_wconf 86' lang='lat' dir='ltr'><strong>Et</strong></span> <span class='ocrx_word' id='word_1_87' title='bbox 1116 1064 1239 1150; x_wconf 88' lang='lat' dir='ltr'><strong>spiritus</strong></span> <span class='ocrx_word' id='word_1_88' title='bbox 1272 1059 1422 1126; x_wconf 91' lang='lat' dir='ltr'><strong>immundi</strong></span> <span class='ocrx_word' id='word_1_89' title='bbox 1464 1081 1535 1126; x_wconf 90' lang='lat' dir='ltr'><strong>cum</strong></span> <span class='ocrx_word' id='word_1_90' title='bbox 1573 1059 1661 1122; x_wconf 93' lang='lat' dir='ltr'><strong>illum</strong></span> <span class='ocrx_word' id='word_1_91' title='bbox 1693 1059 1839 1124; x_wconf 89' lang='lat' dir='ltr'><strong>uidebant</strong></span> <span class='ocrx_word' id='word_1_92' title='bbox 1890 1058 2091 1147; x_wconf 77' lang='lat' dir='ltr'><strong>procidebant</strong></span> <span class='ocrx_word' id='word_1_93' title='bbox 2174 1059 2203 1123; x_wconf 90' lang='lat' dir='ltr'><strong>ei</strong></span> <span class='ocrx_word' id='word_1_94' title='bbox 2270 1067 2306 1123; x_wconf 88' lang='lat' dir='ltr'><strong>et</strong></span> 
     </span>
    </p>
   </div>
   <div class='ocr_carea' id='block_1_5' title="bbox 365 1179 2303 1344">
    <p class='ocr_par' dir='ltr' id='par_1_5' title="bbox 365 1179 2303 1344">
     <span class='ocr_line' id='line_1_8' title="bbox 388 1179 2284 1271; baseline -0.004 -21"><span class='ocrx_word' id='word_1_95' title='bbox 388 1201 523 1265; x_wconf 84' lang='lat' dir='ltr'><strong>cliopadun</strong></span> <span class='ocrx_word' id='word_1_96' title='bbox 576 1179 711 1250; x_wconf 75' lang='lat' dir='ltr'><strong>cwe&#39;benda</strong></span> <span class='ocrx_word' id='word_1_97' title='bbox 833 1199 872 1250; x_wconf 69' lang='grc' dir='ltr'><strong>ιιι</strong></span> <span class='ocrx_word' id='word_1_98' title='bbox 905 1196 954 1248; x_wconf 80' lang='lat' dir='ltr'><strong>ar’d</strong></span> <span class='ocrx_word' id='word_1_99' title='bbox 988 1211 1054 1246; x_wconf 88' lang='lat' dir='ltr'><strong>sunu</strong></span> <span class='ocrx_word' id='word_1_100' title='bbox 1088 1199 1164 1260; x_wconf 75' lang='lat' dir='ltr'><strong>godes</strong></span> <span class='ocrx_word' id='word_1_101' title='bbox 1219 1196 1235 1257; x_wconf 99' lang='grc' dir='ltr'><strong><em>Ἰ</em></strong></span> <span class='ocrx_word' id='word_1_102' title='bbox 1334 1197 1415 1248; x_wconf 70' lang='lat' dir='ltr'><strong>tuliis</strong></span> <span class='ocrx_word' id='word_1_103' title='bbox 1568 1195 1659 1244; x_wconf 85' lang='lat' dir='ltr'><strong>hibesd</strong></span> <span class='ocrx_word' id='word_1_104' title='bbox 1745 1196 1797 1244; x_wconf 89' lang='lat' dir='ltr'><strong>him</strong></span> <span class='ocrx_word' id='word_1_105' title='bbox 1823 1193 1945 1271; x_wconf 50' lang='lat' dir='ltr'><strong>liliisne</strong></span> <span class='ocrx_word' id='word_1_106' title='bbox 2032 1195 2116 1244; x_wconf 70' lang='lat' dir='ltr'><strong>eowde</strong></span> <span class='ocrx_word' id='word_1_107' title='bbox 2225 1195 2284 1244; x_wconf 86' lang='lat' dir='ltr'><strong>him</strong></span> 
     </span>
     <span class='ocr_line' id='line_1_9' title="bbox 365 1273 2303 1344; baseline -0.003 -2"><span class='ocrx_word' id='word_1_108' title='bbox 365 1278 539 1344; x_wconf 88' lang='lat' dir='ltr'><strong>clamabant</strong></span> <span class='ocrx_word' id='word_1_109' title='bbox 577 1278 713 1343; x_wconf 87' lang='lat' dir='ltr'><strong>dicentes</strong></span> <span class='ocrx_word' id='word_1_110' title='bbox 766 1278 814 1340; x_wconf 98' lang='grc'><strong>12.</strong></span> <span class='ocrx_word' id='word_1_111' title='bbox 835 1286 868 1340; x_wconf 89' lang='lat' dir='ltr'><strong>tu</strong></span> <span class='ocrx_word' id='word_1_112' title='bbox 917 1297 949 1340; x_wconf 90' lang='lat' dir='ltr'><strong>es</strong></span> <span class='ocrx_word' id='word_1_113' title='bbox 979 1276 1061 1340; x_wconf 89' lang='lat' dir='ltr'><strong>iilius</strong></span> <span class='ocrx_word' id='word_1_114' title='bbox 1092 1276 1163 1341; x_wconf 90' lang='lat' dir='ltr'><strong>Dei.</strong></span> <span class='ocrx_word' id='word_1_115' title='bbox 1211 1285 1242 1341; x_wconf 94' lang='lat' dir='ltr'><strong>et</strong></span> <span class='ocrx_word' id='word_1_116' title='bbox 1267 1277 1467 1342; x_wconf 86' lang='lat' dir='ltr'><strong>uehementer</strong></span> <span class='ocrx_word' id='word_1_117' title='bbox 1487 1275 1731 1341; x_wconf 88' lang='lat' dir='ltr'><strong>comminabatur</strong></span> <span class='ocrx_word' id='word_1_118' title='bbox 1751 1275 1796 1340; x_wconf 89' lang='lat' dir='ltr'><strong>eis</strong></span> <span class='ocrx_word' id='word_1_119' title='bbox 1870 1297 1909 1340; x_wconf 90' lang='lat' dir='ltr'><strong>ne</strong></span> <span class='ocrx_word' id='word_1_120' title='bbox 1952 1273 2182 1339; x_wconf 85' lang='lat' dir='ltr'><strong>manifestarent</strong></span> <span class='ocrx_word' id='word_1_121' title='bbox 2195 1273 2303 1339; x_wconf 90' lang='lat' dir='ltr'><strong>illum.</strong></span> 
     </span>
    </p>
   </div>
   <div class='ocr_carea' id='block_1_6' title="bbox 322 1407 2304 1578">
    <p class='ocr_par' dir='ltr' id='par_1_6' title="bbox 322 1407 2304 1578">
     <span class='ocr_line' id='line_1_10' title="bbox 451 1407 2304 1485; baseline -0.002 -23"><span class='ocrx_word' id='word_1_122' title='bbox 451 1413 467 1474; x_wconf 95' lang='grc' dir='ltr'><strong><em>Ἰ</em></strong></span> <span class='ocrx_word' id='word_1_123' title='bbox 557 1421 626 1476; x_wconf 74' lang='lat' dir='ltr'><strong>astag</strong></span> <span class='ocrx_word' id='word_1_124' title='bbox 691 1426 723 1460; x_wconf 89' lang='lat' dir='ltr'><strong>on</strong></span> <span class='ocrx_word' id='word_1_125' title='bbox 783 1427 837 1461; x_wconf 88' lang='lat' dir='ltr'><strong>mor</strong></span> <span class='ocrx_word' id='word_1_126' title='bbox 920 1413 996 1475; x_wconf 70' lang='lat' dir='ltr'><strong>cegde</strong></span> <span class='ocrx_word' id='word_1_127' title='bbox 1046 1419 1073 1462; x_wconf 91' lang='grc' dir='ltr'><strong>ιο</strong></span> <span class='ocrx_word' id='word_1_128' title='bbox 1107 1414 1160 1462; x_wconf 90' lang='lat' dir='ltr'><strong>him</strong></span> <span class='ocrx_word' id='word_1_129' title='bbox 1193 1411 1231 1464; x_wconf 72' lang='lat' dir='ltr'><strong>&#39;da</strong></span> <span class='ocrx_word' id='word_1_130' title='bbox 1247 1415 1298 1464; x_wconf 88' lang='lat' dir='ltr'><strong>ileu</strong></span> <span class='ocrx_word' id='word_1_131' title='bbox 1333 1413 1411 1462; x_wconf 73' lang='lat' dir='ltr'><strong>walde</strong></span> <span class='ocrx_word' id='word_1_132' title='bbox 1463 1413 1493 1461; x_wconf 90' lang='lat' dir='ltr'><strong>ha</strong></span> <span class='ocrx_word' id='word_1_133' title='bbox 1536 1409 1552 1472; x_wconf 93' lang='grc' dir='ltr'><strong><em>Ἰ</em></strong></span> <span class='ocrx_word' id='word_1_134' title='bbox 1622 1423 1712 1460; x_wconf 88' lang='lat' dir='ltr'><strong>comen</strong></span> <span class='ocrx_word' id='word_1_135' title='bbox 1779 1418 1806 1461; x_wconf 90' lang='grc' dir='ltr'><strong>ιο</strong></span> <span class='ocrx_word' id='word_1_136' title='bbox 1858 1411 1909 1459; x_wconf 85' lang='lat' dir='ltr'><strong>him</strong></span> <span class='ocrx_word' id='word_1_137' title='bbox 2083 1407 2100 1470; x_wconf 91' lang='grc' dir='ltr'><strong><em>Ἰ</em></strong></span> <span class='ocrx_word' id='word_1_138' title='bbox 2143 1410 2209 1472; x_wconf 80' lang='lat' dir='ltr'><strong>dyde</strong></span> <span class='ocrx_word' id='word_1_139' title='bbox 2240 1407 2304 1485; x_wconf 59' lang='lat' dir='ltr'><strong>¹pte</strong></span> 
     </span>
     <span class='ocr_line' id='line_1_11' title="bbox 322 1489 2291 1578; baseline -0.003 -20"><span class='ocrx_word' id='word_1_140' title='bbox 322 1493 414 1558; x_wconf 92' lang='grc'><strong>513.</strong></span> <span class='ocrx_word' id='word_1_141' title='bbox 437 1491 479 1555; x_wconf 85' lang='grc' dir='ltr'><strong>Ει</strong></span> <span class='ocrx_word' id='word_1_142' title='bbox 499 1493 668 1558; x_wconf 88' lang='lat' dir='ltr'><strong>ascendens</strong></span> <span class='ocrx_word' id='word_1_143' title='bbox 690 1492 721 1554; x_wconf 93' lang='lat' dir='ltr'><strong>in</strong></span> <span class='ocrx_word' id='word_1_144' title='bbox 741 1499 878 1556; x_wconf 90' lang='lat' dir='ltr'><strong>montem</strong></span> <span class='ocrx_word' id='word_1_145' title='bbox 899 1493 1022 1558; x_wconf 88' lang='lat' dir='ltr'><strong>uocauit</strong></span> <span class='ocrx_word' id='word_1_146' title='bbox 1041 1492 1082 1556; x_wconf 92' lang='lat' dir='ltr'><strong>ad</strong></span> <span class='ocrx_word' id='word_1_147' title='bbox 1120 1515 1154 1558; x_wconf 93' lang='lat' dir='ltr'><strong>se</strong></span> <span class='ocrx_word' id='word_1_148' title='bbox 1206 1514 1283 1577; x_wconf 92' lang='lat' dir='ltr'><strong>quos</strong></span> <span class='ocrx_word' id='word_1_149' title='bbox 1323 1492 1422 1557; x_wconf 91' lang='lat' dir='ltr'><strong>uoluit</strong></span> <span class='ocrx_word' id='word_1_150' title='bbox 1442 1491 1507 1578; x_wconf 88' lang='lat' dir='ltr'><strong>ipse</strong></span> <span class='ocrx_word' id='word_1_151' title='bbox 1527 1501 1557 1556; x_wconf 93' lang='lat' dir='ltr'><strong>et</strong></span> <span class='ocrx_word' id='word_1_152' title='bbox 1588 1499 1740 1555; x_wconf 89' lang='lat' dir='ltr'><strong>uenerunt</strong></span> <span class='ocrx_word' id='word_1_153' title='bbox 1771 1491 1811 1554; x_wconf 87' lang='lat' dir='ltr'><strong>ad</strong></span> <span class='ocrx_word' id='word_1_154' title='bbox 1843 1513 1923 1555; x_wconf 93' lang='lat' dir='ltr'><strong>eum.</strong></span> <span class='ocrx_word' id='word_1_155' title='bbox 1985 1491 2034 1554; x_wconf 88' lang='lat'><strong>14.</strong></span> <span class='ocrx_word' id='word_1_156' title='bbox 2066 1489 2108 1554; x_wconf 86' lang='lat' dir='ltr'><strong>Et</strong></span> <span class='ocrx_word' id='word_1_157' title='bbox 2137 1490 2210 1554; x_wconf 88' lang='lat' dir='ltr'><strong>fecit</strong></span> <span class='ocrx_word' id='word_1_158' title='bbox 2249 1499 2291 1554; x_wconf 87' lang='lat' dir='ltr'><strong>ut</strong></span> 
     </span>
    </p>
   </div>
   <div class='ocr_carea' id='block_1_7' title="bbox 361 1621 2301 1793">
    <p class='ocr_par' dir='ltr' id='par_1_7' title="bbox 361 1621 2301 1793">
     <span class='ocr_line' id='line_1_12' title="bbox 361 1621 2300 1702; baseline -0.002 -22"><span class='ocrx_word' id='word_1_159' title='bbox 361 1630 407 1680; x_wconf 82' lang='lat' dir='ltr'><strong>bic</strong></span> <span class='ocrx_word' id='word_1_160' title='bbox 428 1643 493 1680; x_wconf 74' lang='lat' dir='ltr'><strong>were</strong></span> <span class='ocrx_word' id='word_1_161' title='bbox 561 1629 644 1678; x_wconf 75' lang='lat' dir='ltr'><strong>tuelle</strong></span> <span class='ocrx_word' id='word_1_162' title='bbox 711 1628 768 1677; x_wconf 76' lang='lat' dir='ltr'><strong>mi&#39;t</strong></span> <span class='ocrx_word' id='word_1_163' title='bbox 819 1627 871 1675; x_wconf 87' lang='lat' dir='ltr'><strong>him</strong></span> <span class='ocrx_word' id='word_1_164' title='bbox 923 1623 983 1684; x_wconf 76' lang='lat' dir='ltr'><strong>eo]</strong></span> <span class='ocrx_word' id='word_1_165' title='bbox 1037 1625 1089 1702; x_wconf 66' lang='lat' dir='ltr'><strong>“jsts</strong></span> <span class='ocrx_word' id='word_1_166' title='bbox 1152 1627 1228 1678; x_wconf 84' lang='lat' dir='ltr'><strong>sends</strong></span> <span class='ocrx_word' id='word_1_167' title='bbox 1287 1628 1334 1676; x_wconf 84' lang='lat' dir='ltr'><strong>hia</strong></span> <span class='ocrx_word' id='word_1_168' title='bbox 1367 1632 1393 1675; x_wconf 90' lang='lat' dir='ltr'><strong>to</strong></span> <span class='ocrx_word' id='word_1_169' title='bbox 1411 1625 1525 1675; x_wconf 75' lang='lat' dir='ltr'><strong>bodanue</strong></span> <span class='ocrx_word' id='word_1_170' title='bbox 1693 1621 1709 1683; x_wconf 91' lang='grc' dir='ltr'><strong><em>Ἰ</em></strong></span> <span class='ocrx_word' id='word_1_171' title='bbox 1761 1626 1830 1676; x_wconf 81' lang='lat' dir='ltr'><strong>mide</strong></span> <span class='ocrx_word' id='word_1_172' title='bbox 1879 1627 1932 1676; x_wconf 91' lang='lat' dir='ltr'><strong>him</strong></span> <span class='ocrx_word' id='word_1_173' title='bbox 2015 1627 2101 1676; x_wconf 76' lang='lat' dir='ltr'><strong>mahte</strong></span> <span class='ocrx_word' id='word_1_174' title='bbox 2170 1627 2300 1689; x_wconf 75' lang='lat' dir='ltr'><strong>gemnisse</strong></span> 
     </span>
     <span class='ocr_line' id='line_1_13' title="bbox 372 1703 2301 1793; baseline -0.002 -20"><span class='ocrx_word' id='word_1_175' title='bbox 372 1719 474 1774; x_wconf 84' lang='lat' dir='ltr'><strong>essent</strong></span> <span class='ocrx_word' id='word_1_176' title='bbox 516 1707 677 1772; x_wconf 90' lang='lat' dir='ltr'><strong>duodecim</strong></span> <span class='ocrx_word' id='word_1_177' title='bbox 705 1729 773 1770; x_wconf 92' lang='lat' dir='ltr'><strong>cum</strong></span> <span class='ocrx_word' id='word_1_178' title='bbox 815 1705 870 1769; x_wconf 92' lang='lat' dir='ltr'><strong>illo</strong></span> <span class='ocrx_word' id='word_1_179' title='bbox 940 1714 970 1770; x_wconf 91' lang='lat' dir='ltr'><strong>et</strong></span> <span class='ocrx_word' id='word_1_180' title='bbox 1046 1715 1081 1770; x_wconf 96' lang='lat' dir='ltr'><strong>ut</strong></span> <span class='ocrx_word' id='word_1_181' title='bbox 1122 1707 1255 1772; x_wconf 82' lang='lat' dir='ltr'><strong>mitteret</strong></span> <span class='ocrx_word' id='word_1_182' title='bbox 1283 1726 1334 1772; x_wconf 90' lang='lat' dir='ltr'><strong>eos</strong></span> <span class='ocrx_word' id='word_1_183' title='bbox 1362 1705 1547 1793; x_wconf 86' lang='lat' dir='ltr'><strong>praedicare.</strong></span> <span class='ocrx_word' id='word_1_184' title='bbox 1603 1706 1652 1770; x_wconf 90' lang='grc'><strong>15.</strong></span> <span class='ocrx_word' id='word_1_185' title='bbox 1679 1703 1722 1770; x_wconf 84' lang='lat' dir='ltr'><strong>Et</strong></span> <span class='ocrx_word' id='word_1_186' title='bbox 1753 1704 1839 1770; x_wconf 89' lang='lat' dir='ltr'><strong>dedit</strong></span> <span class='ocrx_word' id='word_1_187' title='bbox 1871 1705 1933 1768; x_wconf 90' lang='lat' dir='ltr'><strong>illis</strong></span> <span class='ocrx_word' id='word_1_188' title='bbox 1958 1714 2140 1792; x_wconf 85' lang='lat' dir='ltr'><strong>potestatem</strong></span> <span class='ocrx_word' id='word_1_189' title='bbox 2166 1705 2301 1770; x_wconf 87' lang='lat' dir='ltr'><strong>curandi</strong></span> 
     </span>
    </p>
   </div>
   <div class='ocr_carea' id='block_1_8' title="bbox 362 1839 2302 2010">
    <p class='ocr_par' dir='ltr' id='par_1_8' title="bbox 362 1839 2302 2010">
     <span class='ocr_line' id='line_1_14' title="bbox 362 1839 2302 1906; baseline -0.001 -14"><span class='ocrx_word' id='word_1_190' title='bbox 362 1851 388 1894; x_wconf 90' lang='grc' dir='ltr'><strong>ιο</strong></span> <span class='ocrx_word' id='word_1_191' title='bbox 405 1847 603 1894; x_wconf 84' lang='grc' dir='ltr'>ιιιιιιιιιιιιιιιιι</span> <span class='ocrx_word' id='word_1_192' title='bbox 635 1841 651 1903; x_wconf 91' lang='grc' dir='ltr'><strong><em>Ἰ</em></strong></span> <span class='ocrx_word' id='word_1_193' title='bbox 689 1843 850 1906; x_wconf 79' lang='lat' dir='ltr'><strong>toworpnisse</strong></span> <span class='ocrx_word' id='word_1_194' title='bbox 908 1843 999 1892; x_wconf 81' lang='lat' dir='ltr'><strong>diowla</strong></span> <span class='ocrx_word' id='word_1_195' title='bbox 1168 1840 1184 1902; x_wconf 90' lang='grc' dir='ltr'><strong><em>Ἰ</em></strong></span> <span class='ocrx_word' id='word_1_196' title='bbox 1237 1842 1325 1904; x_wconf 77' lang='lat' dir='ltr'><strong>gisette</strong></span> <span class='ocrx_word' id='word_1_197' title='bbox 1377 1850 1402 1892; x_wconf 89' lang='grc' dir='ltr'><strong>ιο</strong></span> <span class='ocrx_word' id='word_1_198' title='bbox 1421 1843 1507 1892; x_wconf 86' lang='lat' dir='ltr'><strong>Simon</strong></span> <span class='ocrx_word' id='word_1_199' title='bbox 1542 1854 1618 1890; x_wconf 75' lang='lat' dir='ltr'><strong>noma</strong></span> <span class='ocrx_word' id='word_1_200' title='bbox 1676 1851 1757 1905; x_wconf 84' lang='lat' dir='ltr'><strong>petros</strong></span> <span class='ocrx_word' id='word_1_201' title='bbox 1883 1839 1899 1902; x_wconf 94' lang='grc' dir='ltr'><strong><em>Ἰ</em></strong></span> <span class='ocrx_word' id='word_1_202' title='bbox 1995 1844 2036 1892; x_wconf 79' lang='lat' dir='ltr'><strong>lad</strong></span> <span class='ocrx_word' id='word_1_203' title='bbox 2103 1843 2212 1894; x_wconf 74' lang='lat' dir='ltr'><strong>zebedeo</strong></span> <span class='ocrx_word' id='word_1_204' title='bbox 2231 1856 2302 1892; x_wconf 81' lang='lat' dir='ltr'><strong>euna</strong></span> 
     </span>
     <span class='ocr_line' id='line_1_15' title="bbox 385 1919 2278 2010; baseline 0.001 -25"><span class='ocrx_word' id='word_1_205' title='bbox 385 1923 575 1988; x_wconf 87' lang='lat' dir='ltr'><strong>infirmitates</strong></span> <span class='ocrx_word' id='word_1_206' title='bbox 633 1931 662 1986; x_wconf 91' lang='lat' dir='ltr'><strong>et</strong></span> <span class='ocrx_word' id='word_1_207' title='bbox 701 1921 839 1986; x_wconf 83' lang='lat' dir='ltr'><strong>eiiciendi</strong></span> <span class='ocrx_word' id='word_1_208' title='bbox 871 1919 1042 1986; x_wconf 84' lang='lat' dir='ltr'><strong>daemonia.</strong></span> <span class='ocrx_word' id='word_1_209' title='bbox 1086 1921 1135 1986; x_wconf 90' lang='grc'><strong>16.</strong></span> <span class='ocrx_word' id='word_1_210' title='bbox 1156 1920 1198 1985; x_wconf 86' lang='lat' dir='ltr'><strong>Et</strong></span> <span class='ocrx_word' id='word_1_211' title='bbox 1216 1922 1362 2010; x_wconf 84' lang='lat' dir='ltr'><strong>imposuit</strong></span> <span class='ocrx_word' id='word_1_212' title='bbox 1382 1919 1501 1988; x_wconf 87' lang='lat' dir='ltr'><strong>Simoni</strong></span> <span class='ocrx_word' id='word_1_213' title='bbox 1522 1942 1636 1984; x_wconf 91' lang='lat' dir='ltr'><strong>nomen</strong></span> <span class='ocrx_word' id='word_1_214' title='bbox 1657 1921 1777 1986; x_wconf 88' lang='lat' dir='ltr'><strong>Petrus.</strong></span> <span class='ocrx_word' id='word_1_215' title='bbox 1807 1922 1856 1984; x_wconf 80' lang='lat'><strong>17.</strong></span> <span class='ocrx_word' id='word_1_216' title='bbox 1873 1919 1915 1984; x_wconf 83' lang='lat' dir='ltr'><strong>Et</strong></span> <span class='ocrx_word' id='word_1_217' title='bbox 1935 1919 2085 1985; x_wconf 86' lang='lat' dir='ltr'><strong>Iacobum</strong></span> <span class='ocrx_word' id='word_1_218' title='bbox 2119 1920 2278 1986; x_wconf 76' lang='lat' dir='ltr'><strong>Zebedaei</strong></span> 
     </span>
    </p>
   </div>
   <div class='ocr_carea' id='block_1_9' title="bbox 364 2052 2302 2225">
    <p class='ocr_par' dir='ltr' id='par_1_9' title="bbox 364 2052 2302 2225">
     <span class='ocr_line' id='line_1_16' title="bbox 369 2052 2297 2120; baseline -0.002 -12"><span class='ocrx_word' id='word_1_219' title='bbox 369 2057 386 2119; x_wconf 93' lang='grc' dir='ltr'><strong><em>Ἰ</em></strong></span> <span class='ocrx_word' id='word_1_220' title='bbox 437 2060 556 2110; x_wconf 84' lang='lat' dir='ltr'><strong>iohannes</strong></span> <span class='ocrx_word' id='word_1_221' title='bbox 607 2059 700 2108; x_wconf 68' lang='lat' dir='ltr'><strong>hueber</strong></span> <span class='ocrx_word' id='word_1_222' title='bbox 741 2061 838 2108; x_wconf 75' lang='lat' dir='ltr'><strong>innobet</strong></span> <span class='ocrx_word' id='word_1_223' title='bbox 873 2055 889 2118; x_wconf 90' lang='grc' dir='ltr'><strong><em>Ἰ</em></strong></span> <span class='ocrx_word' id='word_1_224' title='bbox 943 2058 1030 2120; x_wconf 57' lang='lat' dir='ltr'><strong>meede</strong></span> <span class='ocrx_word' id='word_1_225' title='bbox 1081 2059 1134 2108; x_wconf 89' lang='lat' dir='ltr'><strong>him</strong></span> <span class='ocrx_word' id='word_1_226' title='bbox 1176 2072 1251 2106; x_wconf 77' lang='lat' dir='ltr'><strong>noma</strong></span> <span class='ocrx_word' id='word_1_227' title='bbox 1505 2055 1558 2106; x_wconf 73' lang='lat' dir='ltr'><strong>est</strong></span> <span class='ocrx_word' id='word_1_228' title='bbox 1607 2058 1630 2105; x_wconf 83' lang='lat' dir='ltr'><strong>is</strong></span> <span class='ocrx_word' id='word_1_229' title='bbox 1673 2071 1736 2106; x_wconf 87' lang='lat' dir='ltr'><strong>suno</strong></span> <span class='ocrx_word' id='word_1_230' title='bbox 1772 2057 1866 2106; x_wconf 63' lang='lat' dir='ltr'><strong>neuras</strong></span> <span class='ocrx_word' id='word_1_231' title='bbox 2031 2052 2048 2115; x_wconf 91' lang='grc' dir='ltr'><strong><em>Ἰ</em></strong></span> <span class='ocrx_word' id='word_1_232' title='bbox 2117 2055 2220 2105; x_wconf 80' lang='grc' dir='ltr'>ιιιιιιοιι</span> <span class='ocrx_word' id='word_1_233' title='bbox 2279 2053 2297 2114; x_wconf 92' lang='grc' dir='ltr'><strong><em>Ἰ</em></strong></span> 
     </span>
     <span class='ocr_line' id='line_1_17' title="bbox 364 2134 2302 2225; baseline -0.001 -23"><span class='ocrx_word' id='word_1_234' title='bbox 364 2149 394 2202; x_wconf 89' lang='lat' dir='ltr'><strong>et</strong></span> <span class='ocrx_word' id='word_1_235' title='bbox 415 2137 565 2203; x_wconf 88' lang='lat' dir='ltr'><strong>Ioannem</strong></span> <span class='ocrx_word' id='word_1_236' title='bbox 585 2138 713 2204; x_wconf 88' lang='lat' dir='ltr'><strong>fratrem</strong></span> <span class='ocrx_word' id='word_1_237' title='bbox 733 2137 841 2201; x_wconf 88' lang='lat' dir='ltr'><strong>Iacobi</strong></span> <span class='ocrx_word' id='word_1_238' title='bbox 862 2147 892 2202; x_wconf 87' lang='lat' dir='ltr'><strong>et</strong></span> <span class='ocrx_word' id='word_1_239' title='bbox 912 2137 1058 2225; x_wconf 88' lang='lat' dir='ltr'><strong>imposuit</strong></span> <span class='ocrx_word' id='word_1_240' title='bbox 1078 2138 1122 2202; x_wconf 88' lang='lat' dir='ltr'><strong>eis</strong></span> <span class='ocrx_word' id='word_1_241' title='bbox 1143 2136 1269 2201; x_wconf 89' lang='lat' dir='ltr'><strong>nomina</strong></span> <span class='ocrx_word' id='word_1_242' title='bbox 1289 2135 1468 2222; x_wconf 84' lang='lat' dir='ltr'><strong>Boanerges</strong></span> <span class='ocrx_word' id='word_1_243' title='bbox 1491 2134 1575 2221; x_wconf 92' lang='lat' dir='ltr'><strong>quod</strong></span> <span class='ocrx_word' id='word_1_244' title='bbox 1596 2145 1643 2200; x_wconf 90' lang='lat' dir='ltr'><strong>est</strong></span> <span class='ocrx_word' id='word_1_245' title='bbox 1669 2135 1726 2200; x_wconf 84' lang='lat' dir='ltr'><strong>filii</strong></span> <span class='ocrx_word' id='word_1_246' title='bbox 1758 2135 1894 2201; x_wconf 89' lang='lat' dir='ltr'><strong>tonitrui.</strong></span> <span class='ocrx_word' id='word_1_247' title='bbox 1945 2136 1993 2200; x_wconf 88' lang='grc'><strong>18.</strong></span> <span class='ocrx_word' id='word_1_248' title='bbox 2016 2135 2058 2200; x_wconf 87' lang='lat' dir='ltr'><strong>Et</strong></span> <span class='ocrx_word' id='word_1_249' title='bbox 2082 2135 2247 2200; x_wconf 81' lang='lat' dir='ltr'><strong>Andream</strong></span> <span class='ocrx_word' id='word_1_250' title='bbox 2264 2146 2302 2201; x_wconf 86' lang='lat' dir='ltr'><strong>et</strong></span> 
     </span>
    </p>
   </div>
   <div class='ocr_carea' id='block_1_10' title="bbox 361 2259 2298 2440">
    <p class='ocr_par' dir='ltr' id='par_1_10' title="bbox 361 2259 2298 2440">
     <span class='ocr_line' id='line_1_18' title="bbox 419 2259 2098 2338; baseline -0.001 -16"><span class='ocrx_word' id='word_1_251' title='bbox 419 2268 499 2338; x_wconf 68' lang='lat' dir='ltr'><strong>pmup</strong></span> <span class='ocrx_word' id='word_1_252' title='bbox 566 2270 582 2332; x_wconf 72' lang='grc' dir='ltr'><strong>ι</strong></span> <span class='ocrx_word' id='word_1_253' title='bbox 738 2273 799 2322; x_wconf 68' lang='lat' dir='ltr'><strong>stan</strong></span> <span class='ocrx_word' id='word_1_254' title='bbox 912 2269 928 2332; x_wconf 73' lang='grc' dir='ltr'><strong>ι</strong></span> <span class='ocrx_word' id='word_1_255' title='bbox 1025 2273 1093 2322; x_wconf 73' lang='lat' dir='ltr'><strong>mse</strong></span> <span class='ocrx_word' id='word_1_256' title='bbox 1174 2270 1190 2332; x_wconf 73' lang='grc' dir='ltr'><strong>ι</strong></span> <span class='ocrx_word' id='word_1_257' title='bbox 1257 2274 1342 2322; x_wconf 71' lang='lat' dir='ltr'><strong>eoas</strong></span> <span class='ocrx_word' id='word_1_258' title='bbox 1404 2270 1419 2330; x_wconf 71' lang='grc' dir='ltr'><strong>ι</strong></span> <span class='ocrx_word' id='word_1_259' title='bbox 1491 2259 1562 2322; x_wconf 70' lang='lat' dir='ltr'><strong>moi</strong></span> <span class='ocrx_word' id='word_1_260' title='bbox 1805 2269 1822 2330; x_wconf 73' lang='grc' dir='ltr'><strong>ι</strong></span> <span class='ocrx_word' id='word_1_261' title='bbox 1946 2273 1973 2321; x_wconf 82' lang='grc' dir='ltr'><strong>ιι</strong></span> <span class='ocrx_word' id='word_1_262' title='bbox 2082 2269 2098 2332; x_wconf 70' lang='grc' dir='ltr'><strong>ι</strong></span> 
     </span>
     <span class='ocr_line' id='line_1_19' title="bbox 361 2347 2298 2440; baseline -0.001 -22"><span class='ocrx_word' id='word_1_263' title='bbox 361 2351 541 2440; x_wconf 90' lang='lat' dir='ltr'><strong>Philippum</strong></span> <span class='ocrx_word' id='word_1_264' title='bbox 563 2361 594 2416; x_wconf 90' lang='lat' dir='ltr'><strong>et</strong></span> <span class='ocrx_word' id='word_1_265' title='bbox 614 2352 886 2416; x_wconf 88' lang='lat' dir='ltr'><strong>Bartholomaeum</strong></span> <span class='ocrx_word' id='word_1_266' title='bbox 907 2361 937 2416; x_wconf 88' lang='lat' dir='ltr'><strong>et</strong></span> <span class='ocrx_word' id='word_1_267' title='bbox 956 2351 1148 2417; x_wconf 88' lang='lat' dir='ltr'><strong>Matthaeum</strong></span> <span class='ocrx_word' id='word_1_268' title='bbox 1169 2362 1199 2417; x_wconf 91' lang='lat' dir='ltr'><strong>et</strong></span> <span class='ocrx_word' id='word_1_269' title='bbox 1218 2351 1374 2417; x_wconf 89' lang='lat' dir='ltr'><strong>Thomam</strong></span> <span class='ocrx_word' id='word_1_270' title='bbox 1401 2363 1431 2414; x_wconf 88' lang='lat' dir='ltr'><strong>et</strong></span> <span class='ocrx_word' id='word_1_271' title='bbox 1456 2350 1606 2416; x_wconf 87' lang='lat' dir='ltr'><strong>Iacobum</strong></span> <span class='ocrx_word' id='word_1_272' title='bbox 1633 2349 1769 2438; x_wconf 86' lang='lat' dir='ltr'><strong>Alphaei</strong></span> <span class='ocrx_word' id='word_1_273' title='bbox 1797 2361 1827 2420; x_wconf 88' lang='lat' dir='ltr'><strong>et</strong></span> <span class='ocrx_word' id='word_1_274' title='bbox 1847 2350 2052 2416; x_wconf 85' lang='lat' dir='ltr'><strong>Thaddaeum</strong></span> <span class='ocrx_word' id='word_1_275' title='bbox 2072 2359 2103 2416; x_wconf 92' lang='lat' dir='ltr'><strong>et</strong></span> <span class='ocrx_word' id='word_1_276' title='bbox 2130 2347 2298 2416; x_wconf 85' lang='lat' dir='ltr'><strong>Simonem</strong></span> 
     </span>
    </p>
   </div>
   <div class='ocr_carea' id='block_1_11' title="bbox 360 2476 2300 2548">
    <p class='ocr_par' dir='ltr' id='par_1_11' title="bbox 360 2476 2300 2548">
     <span class='ocr_line' id='line_1_20' title="bbox 360 2476 2300 2548; baseline 0 -11"><span class='ocrx_word' id='word_1_277' title='bbox 360 2487 430 2537; x_wconf 75' lang='lat' dir='ltr'><strong>’eona</strong></span> <span class='ocrx_word' id='word_1_278' title='bbox 447 2491 578 2538; x_wconf 73' lang='lat' dir='ltr'><strong>canonista</strong></span> <span class='ocrx_word' id='word_1_279' title='bbox 705 2487 721 2548; x_wconf 88' lang='grc' dir='ltr'><strong><em>Ἰ</em></strong></span> <span class='ocrx_word' id='word_1_280' title='bbox 790 2476 834 2538; x_wconf 89' lang='lat' dir='ltr'><strong>iud</strong></span> <span class='ocrx_word' id='word_1_281' title='bbox 888 2487 942 2538; x_wconf 73' lang='lat' dir='ltr'><strong>’doh</strong></span> <span class='ocrx_word' id='word_1_282' title='bbox 960 2490 1119 2539; x_wconf 82' lang='grc' dir='ltr'>ιιοιιοιιιιιοι</span> <span class='ocrx_word' id='word_1_283' title='bbox 1153 2487 1216 2539; x_wconf 76' lang='lat' dir='ltr'><strong>se’oe</strong></span> <span class='ocrx_word' id='word_1_284' title='bbox 1318 2488 1387 2538; x_wconf 81' lang='lat' dir='ltr'><strong>selda</strong></span> <span class='ocrx_word' id='word_1_285' title='bbox 1453 2488 1511 2536; x_wconf 87' lang='lat' dir='ltr'><strong>hine</strong></span> <span class='ocrx_word' id='word_1_286' title='bbox 1654 2483 1670 2545; x_wconf 87' lang='grc' dir='ltr'><strong><em>Ἰ</em></strong></span> <span class='ocrx_word' id='word_1_287' title='bbox 1724 2487 1818 2537; x_wconf 75' lang='lat' dir='ltr'><strong>euma&#39;b</strong></span> <span class='ocrx_word' id='word_1_288' title='bbox 1857 2492 1884 2536; x_wconf 90' lang='grc' dir='ltr'><strong>ιο</strong></span> <span class='ocrx_word' id='word_1_289' title='bbox 1954 2487 2015 2537; x_wconf 84' lang='lat' dir='ltr'><strong>huss</strong></span> <span class='ocrx_word' id='word_1_290' title='bbox 2066 2483 2083 2546; x_wconf 93' lang='grc' dir='ltr'><strong><em>Ἰ</em></strong></span> <span class='ocrx_word' id='word_1_291' title='bbox 2128 2489 2185 2537; x_wconf 85' lang='lat' dir='ltr'><strong>eine</strong></span> <span class='ocrx_word' id='word_1_292' title='bbox 2204 2501 2300 2538; x_wconf 89' lang='lat' dir='ltr'><strong>comun</strong></span> 
     </span>
    </p>
   </div>
   <div class='ocr_carea' id='block_1_12' title="bbox 302 2564 2278 2653">
    <p class='ocr_par' dir='ltr' id='par_1_12' title="bbox 302 2564 2278 2653">
     <span class='ocr_line' id='line_1_21' title="bbox 302 2564 2278 2653; baseline 0.002 -25"><span class='ocrx_word' id='word_1_293' title='bbox 302 2566 342 2628; x_wconf 90' lang='lat'><strong>10</strong></span> <span class='ocrx_word' id='word_1_294' title='bbox 363 2564 572 2631; x_wconf 86' lang='lat' dir='ltr'><strong>Cananaeum.</strong></span> <span class='ocrx_word' id='word_1_295' title='bbox 616 2567 666 2631; x_wconf 88' lang='grc'><strong>19.</strong></span> <span class='ocrx_word' id='word_1_296' title='bbox 688 2566 730 2631; x_wconf 89' lang='grc' dir='ltr'><strong>Ει</strong></span> <span class='ocrx_word' id='word_1_297' title='bbox 748 2566 861 2631; x_wconf 90' lang='lat' dir='ltr'><strong>Iudam</strong></span> <span class='ocrx_word' id='word_1_298' title='bbox 910 2566 1091 2632; x_wconf 81' lang='lat' dir='ltr'><strong>iscariotem</strong></span> <span class='ocrx_word' id='word_1_299' title='bbox 1159 2567 1213 2653; x_wconf 91' lang='lat' dir='ltr'><strong>qui</strong></span> <span class='ocrx_word' id='word_1_300' title='bbox 1233 2576 1264 2631; x_wconf 89' lang='lat' dir='ltr'><strong>et</strong></span> <span class='ocrx_word' id='word_1_301' title='bbox 1283 2565 1409 2630; x_wconf 82' lang='lat' dir='ltr'><strong>tradidit</strong></span> <span class='ocrx_word' id='word_1_302' title='bbox 1429 2565 1525 2629; x_wconf 87' lang='lat' dir='ltr'><strong>illum.</strong></span> <span class='ocrx_word' id='word_1_303' title='bbox 1568 2566 1618 2630; x_wconf 95' lang='grc'><strong>20.</strong></span> <span class='ocrx_word' id='word_1_304' title='bbox 1641 2565 1683 2632; x_wconf 81' lang='lat' dir='ltr'><strong>Et</strong></span> <span class='ocrx_word' id='word_1_305' title='bbox 1703 2567 1831 2631; x_wconf 92' lang='lat' dir='ltr'><strong>ueniunt</strong></span> <span class='ocrx_word' id='word_1_306' title='bbox 1850 2565 1891 2630; x_wconf 89' lang='lat' dir='ltr'><strong>ad</strong></span> <span class='ocrx_word' id='word_1_307' title='bbox 1912 2565 2039 2631; x_wconf 90' lang='lat' dir='ltr'><strong>domum</strong></span> <span class='ocrx_word' id='word_1_308' title='bbox 2058 2575 2089 2632; x_wconf 88' lang='lat' dir='ltr'><strong>et</strong></span> <span class='ocrx_word' id='word_1_309' title='bbox 2129 2567 2278 2632; x_wconf 88' lang='lat' dir='ltr'><strong>conuenit</strong></span> 
     </span>
    </p>
   </div>
   <div class='ocr_carea' id='block_1_13' title="bbox 362 2699 2300 2870">
    <p class='ocr_par' dir='ltr' id='par_1_13' title="bbox 362 2699 2300 2870">
     <span class='ocr_line' id='line_1_22' title="bbox 362 2699 2264 2778; baseline 0.002 -28"><span class='ocrx_word' id='word_1_310' title='bbox 362 2703 398 2751; x_wconf 87' lang='grc' dir='ltr'><strong>οιι</strong></span> <span class='ocrx_word' id='word_1_311' title='bbox 415 2716 476 2751; x_wconf 86' lang='lat' dir='ltr'><strong>sona</strong></span> <span class='ocrx_word' id='word_1_312' title='bbox 511 2701 557 2752; x_wconf 77' lang='lat' dir='ltr'><strong>’bio</strong></span> <span class='ocrx_word' id='word_1_313' title='bbox 575 2716 664 2764; x_wconf 80' lang='lat' dir='ltr'><strong>mengn</strong></span> <span class='ocrx_word' id='word_1_314' title='bbox 699 2702 751 2752; x_wconf 67' lang='lat' dir='ltr'><strong>bus</strong></span> <span class='ocrx_word' id='word_1_315' title='bbox 784 2700 811 2778; x_wconf 72' lang='lat'><strong>&#39;15</strong></span> <span class='ocrx_word' id='word_1_316' title='bbox 846 2703 893 2752; x_wconf 81' lang='lat' dir='ltr'><strong>hia</strong></span> <span class='ocrx_word' id='word_1_317' title='bbox 910 2718 942 2753; x_wconf 90' lang='lat' dir='ltr'><strong>ne</strong></span> <span class='ocrx_word' id='word_1_318' title='bbox 976 2705 1085 2753; x_wconf 82' lang='lat' dir='ltr'><strong>mehtun</strong></span> <span class='ocrx_word' id='word_1_319' title='bbox 1154 2716 1187 2752; x_wconf 90' lang='lat' dir='ltr'><strong>ne</strong></span> <span class='ocrx_word' id='word_1_320' title='bbox 1280 2705 1333 2752; x_wconf 79' lang='lat' dir='ltr'><strong>hist</strong></span> <span class='ocrx_word' id='word_1_321' title='bbox 1442 2704 1531 2751; x_wconf 82' lang='lat' dir='ltr'><strong>brucca</strong></span> <span class='ocrx_word' id='word_1_322' title='bbox 1726 2699 1742 2761; x_wconf 91' lang='grc' dir='ltr'><strong><em>Ἰ</em></strong></span> <span class='ocrx_word' id='word_1_323' title='bbox 1779 2702 1876 2764; x_wconf 70' lang='grc' dir='ltr'>ιιιιιιι</span> <span class='ocrx_word' id='word_1_324' title='bbox 1927 2703 2027 2765; x_wconf 75' lang='lat' dir='ltr'><strong>giharde</strong></span> <span class='ocrx_word' id='word_1_325' title='bbox 2085 2703 2124 2751; x_wconf 86' lang='grc' dir='ltr'><strong>ιιι</strong></span> <span class='ocrx_word' id='word_1_326' title='bbox 2176 2704 2264 2754; x_wconf 80' lang='lat' dir='ltr'><strong>codun</strong></span> 
     </span>
     <span class='ocr_line' id='line_1_23' title="bbox 363 2779 2300 2870; baseline 0.001 -26"><span class='ocrx_word' id='word_1_327' title='bbox 363 2780 476 2844; x_wconf 89' lang='lat' dir='ltr'><strong>iterum</strong></span> <span class='ocrx_word' id='word_1_328' title='bbox 547 2781 638 2846; x_wconf 88' lang='lat' dir='ltr'><strong>turba</strong></span> <span class='ocrx_word' id='word_1_329' title='bbox 705 2783 747 2846; x_wconf 88' lang='lat' dir='ltr'><strong>ita</strong></span> <span class='ocrx_word' id='word_1_330' title='bbox 783 2791 817 2846; x_wconf 95' lang='lat' dir='ltr'><strong>ut</strong></span> <span class='ocrx_word' id='word_1_331' title='bbox 859 2804 921 2847; x_wconf 88' lang='lat' dir='ltr'><strong>non</strong></span> <span class='ocrx_word' id='word_1_332' title='bbox 968 2792 1094 2870; x_wconf 87' lang='lat' dir='ltr'><strong>possent</strong></span> <span class='ocrx_word' id='word_1_333' title='bbox 1120 2803 1222 2868; x_wconf 89' lang='lat' dir='ltr'><strong>neque</strong></span> <span class='ocrx_word' id='word_1_334' title='bbox 1248 2803 1362 2869; x_wconf 88' lang='lat' dir='ltr'><strong>panem</strong></span> <span class='ocrx_word' id='word_1_335' title='bbox 1388 2780 1585 2846; x_wconf 88' lang='lat' dir='ltr'><strong>manducare.</strong></span> <span class='ocrx_word' id='word_1_336' title='bbox 1634 2781 1685 2845; x_wconf 86' lang='grc'><strong>21.</strong></span> <span class='ocrx_word' id='word_1_337' title='bbox 1712 2779 1755 2846; x_wconf 80' lang='lat' dir='ltr'><strong>Et</strong></span> <span class='ocrx_word' id='word_1_338' title='bbox 1790 2803 1860 2846; x_wconf 91' lang='lat' dir='ltr'><strong>cum</strong></span> <span class='ocrx_word' id='word_1_339' title='bbox 1895 2781 2051 2846; x_wconf 83' lang='lat' dir='ltr'><strong>audissent</strong></span> <span class='ocrx_word' id='word_1_340' title='bbox 2077 2781 2124 2846; x_wconf 91' lang='lat' dir='ltr'><strong>sui</strong></span> <span class='ocrx_word' id='word_1_341' title='bbox 2154 2782 2300 2847; x_wconf 82' lang='lat' dir='ltr'><strong>exierunt</strong></span> 
     </span>
    </p>
   </div>
   <div class='ocr_carea' id='block_1_14' title="bbox 361 2913 2294 3084">
    <p class='ocr_par' dir='ltr' id='par_1_14' title="bbox 361 2913 2294 3084">
     <span class='ocr_line' id='line_1_24' title="bbox 361 2913 2277 2981; baseline 0.002 -16"><span class='ocrx_word' id='word_1_342' title='bbox 361 2923 386 2966; x_wconf 88' lang='lat' dir='ltr'><strong>to</strong></span> <span class='ocrx_word' id='word_1_343' title='bbox 400 2917 523 2967; x_wconf 76' lang='lat' dir='ltr'><strong>haldenne</strong></span> <span class='ocrx_word' id='word_1_344' title='bbox 558 2918 616 2966; x_wconf 90' lang='lat' dir='ltr'><strong>hius</strong></span> <span class='ocrx_word' id='word_1_345' title='bbox 668 2918 770 2968; x_wconf 80' lang='lat' dir='ltr'><strong>ewedun</strong></span> <span class='ocrx_word' id='word_1_346' title='bbox 805 2917 898 2968; x_wconf 69' lang='lat' dir='ltr'><strong>lorbou</strong></span> <span class='ocrx_word' id='word_1_347' title='bbox 955 2918 1032 2970; x_wconf 68' lang='lat' dir='ltr'><strong>batte</strong></span> <span class='ocrx_word' id='word_1_348' title='bbox 1085 2933 1118 2968; x_wconf 91' lang='lat' dir='ltr'><strong>on</strong></span> <span class='ocrx_word' id='word_1_349' title='bbox 1158 2917 1272 2969; x_wconf 65' lang='lat' dir='ltr'><strong>mabbo</strong></span> <span class='ocrx_word' id='word_1_350' title='bbox 1324 2913 1518 2981; x_wconf 58' lang='lat' dir='ltr'><strong>mweemedbto)</strong></span> <span class='ocrx_word' id='word_1_351' title='bbox 1552 2930 1607 2966; x_wconf 75' lang='lat' dir='ltr'><strong>nea</strong></span> <span class='ocrx_word' id='word_1_352' title='bbox 1757 2914 1774 2976; x_wconf 89' lang='grc' dir='ltr'><strong><em>Ἰ</em></strong></span> <span class='ocrx_word' id='word_1_353' title='bbox 1819 2917 1929 2967; x_wconf 71' lang='grc' dir='ltr'>ιιιιιιιιιι</span> <span class='ocrx_word' id='word_1_354' title='bbox 1964 2917 2037 2968; x_wconf 67' lang='lat' dir='ltr'><strong>stes</strong></span> <span class='ocrx_word' id='word_1_355' title='bbox 2072 2921 2137 2968; x_wconf 87' lang='lat' dir='ltr'><strong>irem</strong></span> <span class='ocrx_word' id='word_1_356' title='bbox 2191 2920 2277 2968; x_wconf 84' lang='lat' dir='ltr'><strong>hiern-</strong></span> 
     </span>
     <span class='ocr_line' id='line_1_25' title="bbox 391 2994 2294 3084; baseline 0.003 -24"><span class='ocrx_word' id='word_1_357' title='bbox 391 3006 497 3061; x_wconf 86' lang='lat' dir='ltr'><strong>tenere</strong></span> <span class='ocrx_word' id='word_1_358' title='bbox 549 3017 619 3060; x_wconf 92' lang='lat' dir='ltr'><strong>eum</strong></span> <span class='ocrx_word' id='word_1_359' title='bbox 643 2996 786 3060; x_wconf 88' lang='lat' dir='ltr'><strong>dicebant</strong></span> <span class='ocrx_word' id='word_1_360' title='bbox 812 2996 894 3060; x_wconf 89' lang='lat' dir='ltr'><strong>enim</strong></span> <span class='ocrx_word' id='word_1_361' title='bbox 915 2999 1062 3084; x_wconf 87' lang='lat' dir='ltr'><strong>quoniam</strong></span> <span class='ocrx_word' id='word_1_362' title='bbox 1082 3000 1115 3062; x_wconf 92' lang='lat' dir='ltr'><strong>in</strong></span> <span class='ocrx_word' id='word_1_363' title='bbox 1141 2997 1279 3062; x_wconf 76' lang='lat' dir='ltr'><strong>datorem</strong></span> <span class='ocrx_word' id='word_1_364' title='bbox 1330 3018 1439 3063; x_wconf 90' lang='lat' dir='ltr'><strong>uersus</strong></span> <span class='ocrx_word' id='word_1_365' title='bbox 1554 3005 1608 3062; x_wconf 88' lang='lat' dir='ltr'><strong>est</strong></span> <span class='ocrx_word' id='word_1_366' title='bbox 1664 2997 1715 3061; x_wconf 89' lang='grc'><strong>22.</strong></span> <span class='ocrx_word' id='word_1_367' title='bbox 1743 2994 1786 3060; x_wconf 90' lang='grc' dir='ltr'><strong>Ει</strong></span> <span class='ocrx_word' id='word_1_368' title='bbox 1813 2997 1932 3062; x_wconf 81' lang='lat' dir='ltr'><strong>scribae</strong></span> <span class='ocrx_word' id='word_1_369' title='bbox 1973 2999 2026 3084; x_wconf 92' lang='lat' dir='ltr'><strong>qui</strong></span> <span class='ocrx_word' id='word_1_370' title='bbox 2085 2999 2125 3063; x_wconf 89' lang='lat' dir='ltr'><strong>ab</strong></span> <span class='ocrx_word' id='word_1_371' title='bbox 2173 2999 2294 3065; x_wconf 81' lang='lat' dir='ltr'><strong>Ieroso</strong></span> 
     </span>
    </p>
   </div>
   <div class='ocr_carea' id='block_1_15' title="bbox 363 3121 2288 3300">
    <p class='ocr_par' dir='ltr' id='par_1_15' title="bbox 363 3121 2288 3300">
     <span class='ocr_line' id='line_1_26' title="bbox 374 3121 2288 3210; baseline 0 -28"><span class='ocrx_word' id='word_1_372' title='bbox 374 3134 451 3182; x_wconf 81' lang='lat' dir='ltr'><strong>salem</strong></span> <span class='ocrx_word' id='word_1_373' title='bbox 486 3133 582 3194; x_wconf 84' lang='lat' dir='ltr'><strong>astigun</strong></span> <span class='ocrx_word' id='word_1_374' title='bbox 600 3133 612 3180; x_wconf 79' lang='lat' dir='ltr'><strong>i</strong></span> <span class='ocrx_word' id='word_1_375' title='bbox 630 3132 700 3183; x_wconf 68' lang='lat' dir='ltr'><strong>bona</strong></span> <span class='ocrx_word' id='word_1_376' title='bbox 717 3146 806 3182; x_wconf 88' lang='lat' dir='ltr'><strong>comun</strong></span> <span class='ocrx_word' id='word_1_377' title='bbox 841 3134 887 3181; x_wconf 74' lang='lat' dir='ltr'><strong>hie</strong></span> <span class='ocrx_word' id='word_1_378' title='bbox 906 3135 1008 3184; x_wconf 79' lang='lat' dir='ltr'><strong>owedun</strong></span> <span class='ocrx_word' id='word_1_379' title='bbox 1042 3131 1119 3210; x_wconf 53' lang='lat' dir='ltr'><strong>piei</strong></span> <span class='ocrx_word' id='word_1_380' title='bbox 1135 3133 1229 3185; x_wconf 77' lang='lat' dir='ltr'><strong>ioriion</strong></span> <span class='ocrx_word' id='word_1_381' title='bbox 1314 3134 1382 3184; x_wconf 74' lang='lat' dir='ltr'><strong>belae</strong></span> <span class='ocrx_word' id='word_1_382' title='bbox 1465 3135 1540 3183; x_wconf 80' lang='lat' dir='ltr'><strong>heisa</strong></span> <span class='ocrx_word' id='word_1_383' title='bbox 1573 3129 1590 3193; x_wconf 92' lang='grc' dir='ltr'><strong><em>Ἰ</em></strong></span> <span class='ocrx_word' id='word_1_384' title='bbox 1626 3121 1693 3183; x_wconf 73' lang='lat' dir='ltr'><strong>ibon</strong></span> <span class='ocrx_word' id='word_1_385' title='bbox 1728 3145 1762 3182; x_wconf 88' lang='lat' dir='ltr'><strong>on</strong></span> <span class='ocrx_word' id='word_1_386' title='bbox 1813 3132 1882 3181; x_wconf 82' lang='lat' dir='ltr'><strong>aldor</strong></span> <span class='ocrx_word' id='word_1_387' title='bbox 2013 3133 2102 3184; x_wconf 76' lang='lat' dir='ltr'><strong>mosis</strong></span> <span class='ocrx_word' id='word_1_388' title='bbox 2191 3135 2288 3196; x_wconf 76' lang='lat' dir='ltr'><strong>gidrites</strong></span> 
     </span>
     <span class='ocr_line' id='line_1_27' title="bbox 363 3211 2271 3300; baseline 0.001 -27"><span class='ocrx_word' id='word_1_389' title='bbox 363 3211 456 3296; x_wconf 86' lang='lat' dir='ltr'><strong>lymis</strong></span> <span class='ocrx_word' id='word_1_390' title='bbox 535 3211 758 3276; x_wconf 88' lang='lat' dir='ltr'><strong>descenderant</strong></span> <span class='ocrx_word' id='word_1_391' title='bbox 847 3211 990 3277; x_wconf 88' lang='lat' dir='ltr'><strong>dicebant</strong></span> <span class='ocrx_word' id='word_1_392' title='bbox 1059 3213 1205 3300; x_wconf 88' lang='lat' dir='ltr'><strong>quoniam</strong></span> <span class='ocrx_word' id='word_1_393' title='bbox 1246 3213 1423 3279; x_wconf 81' lang='lat' dir='ltr'><strong>Beelzebub</strong></span> <span class='ocrx_word' id='word_1_394' title='bbox 1452 3214 1545 3279; x_wconf 87' lang='lat' dir='ltr'><strong>habet</strong></span> <span class='ocrx_word' id='word_1_395' title='bbox 1565 3223 1596 3278; x_wconf 93' lang='lat' dir='ltr'><strong>et</strong></span> <span class='ocrx_word' id='word_1_396' title='bbox 1623 3212 1696 3299; x_wconf 87' lang='lat' dir='ltr'><strong>quia</strong></span> <span class='ocrx_word' id='word_1_397' title='bbox 1719 3212 1752 3276; x_wconf 92' lang='lat' dir='ltr'><strong>in</strong></span> <span class='ocrx_word' id='word_1_398' title='bbox 1773 3212 1912 3300; x_wconf 83' lang='lat' dir='ltr'><strong>principe</strong></span> <span class='ocrx_word' id='word_1_399' title='bbox 1933 3213 2167 3280; x_wconf 84' lang='lat' dir='ltr'><strong>daemoniorum</strong></span> <span class='ocrx_word' id='word_1_400' title='bbox 2197 3212 2271 3278; x_wconf 85' lang='lat' dir='ltr'><strong>eiieit</strong></span> 
     </span>
    </p>
   </div>
   <div class='ocr_carea' id='block_1_16' title="bbox 363 3345 2282 3516">
    <p class='ocr_par' dir='ltr' id='par_1_16' title="bbox 363 3345 2282 3516">
     <span class='ocr_line' id='line_1_28' title="bbox 404 3345 2282 3414; baseline 0 -19"><span class='ocrx_word' id='word_1_401' title='bbox 404 3348 494 3397; x_wconf 79' lang='lat' dir='ltr'><strong>diowlo</strong></span> <span class='ocrx_word' id='word_1_402' title='bbox 665 3345 681 3407; x_wconf 88' lang='grc' dir='ltr'><strong><em>Ἰ</em></strong></span> <span class='ocrx_word' id='word_1_403' title='bbox 719 3351 773 3398; x_wconf 85' lang='lat' dir='ltr'><strong>eine</strong></span> <span class='ocrx_word' id='word_1_404' title='bbox 790 3350 891 3411; x_wconf 77' lang='lat' dir='ltr'><strong>gicegde</strong></span> <span class='ocrx_word' id='word_1_405' title='bbox 926 3349 963 3399; x_wconf 72' lang='lat' dir='ltr'><strong>’ds</strong></span> <span class='ocrx_word' id='word_1_406' title='bbox 979 3351 1031 3398; x_wconf 88' lang='lat' dir='ltr'><strong>ileu</strong></span> <span class='ocrx_word' id='word_1_407' title='bbox 1065 3351 1092 3400; x_wconf 87' lang='lat' dir='ltr'><strong>in</strong></span> <span class='ocrx_word' id='word_1_408' title='bbox 1126 3349 1260 3414; x_wconf 83' lang='lat' dir='ltr'><strong>bispellum</strong></span> <span class='ocrx_word' id='word_1_409' title='bbox 1311 3349 1390 3400; x_wconf 69' lang='grc' dir='ltr'>οιιιιι</span> <span class='ocrx_word' id='word_1_410' title='bbox 1435 3355 1463 3399; x_wconf 88' lang='grc' dir='ltr'><strong>ιο</strong></span> <span class='ocrx_word' id='word_1_411' title='bbox 1476 3349 1629 3400; x_wconf 69' lang='grc' dir='ltr'>ιιιιιιιιιιιιι</span> <span class='ocrx_word' id='word_1_412' title='bbox 1696 3348 1748 3396; x_wconf 91' lang='lat' dir='ltr'><strong>hun</strong></span> <span class='ocrx_word' id='word_1_413' title='bbox 1838 3362 1900 3411; x_wconf 72' lang='lat' dir='ltr'><strong>meg</strong></span> <span class='ocrx_word' id='word_1_414' title='bbox 1934 3350 1965 3398; x_wconf 88' lang='lat' dir='ltr'><strong>he</strong></span> <span class='ocrx_word' id='word_1_415' title='bbox 1979 3347 2282 3399; x_wconf 60' lang='lat' dir='ltr'><strong>&#39;dswiberwordadiovul</strong></span> 
     </span>
     <span class='ocr_line' id='line_1_29' title="bbox 363 3425 2169 3516; baseline 0.002 -27"><span class='ocrx_word' id='word_1_416' title='bbox 363 3425 532 3491; x_wconf 84' lang='lat' dir='ltr'><strong>daemonia.</strong></span> <span class='ocrx_word' id='word_1_417' title='bbox 575 3428 626 3490; x_wconf 88' lang='grc'><strong>23.</strong></span> <span class='ocrx_word' id='word_1_418' title='bbox 647 3426 688 3490; x_wconf 85' lang='lat' dir='ltr'><strong>Et</strong></span> <span class='ocrx_word' id='word_1_419' title='bbox 715 3429 889 3494; x_wconf 87' lang='lat' dir='ltr'><strong>conuocatis</strong></span> <span class='ocrx_word' id='word_1_420' title='bbox 952 3429 996 3493; x_wconf 92' lang='lat' dir='ltr'><strong>eis</strong></span> <span class='ocrx_word' id='word_1_421' title='bbox 1057 3429 1091 3493; x_wconf 91' lang='lat' dir='ltr'><strong>in</strong></span> <span class='ocrx_word' id='word_1_422' title='bbox 1112 3428 1267 3516; x_wconf 87' lang='lat' dir='ltr'><strong>parabolis</strong></span> <span class='ocrx_word' id='word_1_423' title='bbox 1289 3428 1410 3493; x_wconf 88' lang='lat' dir='ltr'><strong>dicabat</strong></span> <span class='ocrx_word' id='word_1_424' title='bbox 1502 3428 1563 3491; x_wconf 92' lang='lat' dir='ltr'><strong>illis</strong></span> <span class='ocrx_word' id='word_1_425' title='bbox 1636 3427 1791 3514; x_wconf 90' lang='lat' dir='ltr'><strong>quomodo</strong></span> <span class='ocrx_word' id='word_1_426' title='bbox 1817 3436 1918 3513; x_wconf 87' lang='lat' dir='ltr'><strong>potest</strong></span> <span class='ocrx_word' id='word_1_427' title='bbox 1966 3477 1969 3484; x_wconf 67' lang='grc'><strong>.</strong></span> <span class='ocrx_word' id='word_1_428' title='bbox 2046 3437 2169 3492; x_wconf 84' lang='lat' dir='ltr'><strong>satanas</strong></span> 
     </span>
    </p>
   </div>
   <div class='ocr_carea' id='block_1_17' title="bbox 302 3559 2293 3730">
    <p class='ocr_par' dir='ltr' id='par_1_17' title="bbox 302 3559 2293 3730">
     <span class='ocr_line' id='line_1_30' title="bbox 362 3559 2293 3626; baseline -0.001 -15"><span class='ocrx_word' id='word_1_429' title='bbox 362 3561 417 3611; x_wconf 73' lang='lat' dir='ltr'><strong>&#39;doh</strong></span> <span class='ocrx_word' id='word_1_430' title='bbox 435 3561 527 3611; x_wconf 76' lang='lat' dir='ltr'><strong>diowul</strong></span> <span class='ocrx_word' id='word_1_431' title='bbox 562 3562 688 3610; x_wconf 84' lang='lat' dir='ltr'><strong>iordritai</strong></span> <span class='ocrx_word' id='word_1_432' title='bbox 703 3564 783 3612; x_wconf 77' lang='lat' dir='ltr'><strong>nialla</strong></span> <span class='ocrx_word' id='word_1_433' title='bbox 915 3560 931 3623; x_wconf 94' lang='grc' dir='ltr'><strong><em>Ἰ</em></strong></span> <span class='ocrx_word' id='word_1_434' title='bbox 967 3565 1006 3624; x_wconf 75' lang='lat' dir='ltr'><strong>gii</strong></span> <span class='ocrx_word' id='word_1_435' title='bbox 1044 3563 1098 3613; x_wconf 79' lang='lat' dir='ltr'><strong>iiet</strong></span> <span class='ocrx_word' id='word_1_436' title='bbox 1114 3567 1164 3612; x_wconf 86' lang='lat' dir='ltr'><strong>rioe</strong></span> <span class='ocrx_word' id='word_1_437' title='bbox 1198 3564 1226 3612; x_wconf 91' lang='lat' dir='ltr'><strong>ln</strong></span> <span class='ocrx_word' id='word_1_438' title='bbox 1260 3564 1312 3612; x_wconf 87' lang='lat' dir='ltr'><strong>him</strong></span> <span class='ocrx_word' id='word_1_439' title='bbox 1346 3563 1453 3613; x_wconf 80' lang='lat' dir='ltr'><strong>todeled</strong></span> <span class='ocrx_word' id='word_1_440' title='bbox 1473 3561 1521 3613; x_wconf 73' lang='lat' dir='ltr'><strong>oie</strong></span> <span class='ocrx_word' id='word_1_441' title='bbox 1561 3576 1593 3612; x_wconf 85' lang='lat' dir='ltr'><strong>us</strong></span> <span class='ocrx_word' id='word_1_442' title='bbox 1642 3575 1704 3624; x_wconf 70' lang='lat' dir='ltr'><strong>meg</strong></span> <span class='ocrx_word' id='word_1_443' title='bbox 1741 3563 1832 3612; x_wconf 80' lang='lat' dir='ltr'><strong>atonda</strong></span> <span class='ocrx_word' id='word_1_444' title='bbox 1887 3565 1937 3614; x_wconf 82' lang='lat' dir='ltr'><strong>rlee</strong></span> <span class='ocrx_word' id='word_1_445' title='bbox 2015 3564 2069 3614; x_wconf 71' lang='lat' dir='ltr'><strong>tet</strong></span> <span class='ocrx_word' id='word_1_446' title='bbox 2203 3559 2220 3622; x_wconf 92' lang='grc' dir='ltr'><strong><em>Ἰ</em></strong></span> <span class='ocrx_word' id='word_1_447' title='bbox 2255 3563 2293 3626; x_wconf 71' lang='lat' dir='ltr'><strong>gii</strong></span> 
     </span>
     <span class='ocr_line' id='line_1_31' title="bbox 302 3641 2293 3730; baseline 0.002 -26"><span class='ocrx_word' id='word_1_448' title='bbox 302 3641 341 3704; x_wconf 82' lang='lat'><strong>15</strong></span> <span class='ocrx_word' id='word_1_449' title='bbox 373 3648 511 3704; x_wconf 88' lang='lat' dir='ltr'><strong>satanam</strong></span> <span class='ocrx_word' id='word_1_450' title='bbox 594 3641 728 3705; x_wconf 84' lang='lat' dir='ltr'><strong>eiicere?</strong></span> <span class='ocrx_word' id='word_1_451' title='bbox 823 3643 873 3706; x_wconf 91' lang='grc'><strong>24.</strong></span> <span class='ocrx_word' id='word_1_452' title='bbox 896 3642 938 3706; x_wconf 83' lang='lat' dir='ltr'><strong>Et</strong></span> <span class='ocrx_word' id='word_1_453' title='bbox 972 3646 998 3706; x_wconf 90' lang='lat' dir='ltr'><strong>si</strong></span> <span class='ocrx_word' id='word_1_454' title='bbox 1035 3663 1166 3728; x_wconf 86' lang='lat' dir='ltr'><strong>regnum</strong></span> <span class='ocrx_word' id='word_1_455' title='bbox 1193 3643 1226 3708; x_wconf 91' lang='lat' dir='ltr'><strong>in</strong></span> <span class='ocrx_word' id='word_1_456' title='bbox 1265 3664 1300 3710; x_wconf 88' lang='lat' dir='ltr'><strong>se</strong></span> <span class='ocrx_word' id='word_1_457' title='bbox 1351 3641 1506 3706; x_wconf 90' lang='lat' dir='ltr'><strong>diuidatur</strong></span> <span class='ocrx_word' id='word_1_458' title='bbox 1536 3663 1599 3707; x_wconf 90' lang='lat' dir='ltr'><strong>non</strong></span> <span class='ocrx_word' id='word_1_459' title='bbox 1620 3651 1720 3728; x_wconf 94' lang='lat' dir='ltr'><strong>potest</strong></span> <span class='ocrx_word' id='word_1_460' title='bbox 1739 3652 1821 3708; x_wconf 89' lang='lat' dir='ltr'><strong>stare</strong></span> <span class='ocrx_word' id='word_1_461' title='bbox 1841 3663 1972 3730; x_wconf 85' lang='lat' dir='ltr'><strong>regnum</strong></span> <span class='ocrx_word' id='word_1_462' title='bbox 1994 3643 2082 3710; x_wconf 87' lang='lat' dir='ltr'><strong>illud.</strong></span> <span class='ocrx_word' id='word_1_463' title='bbox 2118 3645 2170 3709; x_wconf 89' lang='grc'><strong>25.</strong></span> <span class='ocrx_word' id='word_1_464' title='bbox 2191 3643 2234 3709; x_wconf 77' lang='lat' dir='ltr'><strong>Et</strong></span> <span class='ocrx_word' id='word_1_465' title='bbox 2266 3644 2293 3707; x_wconf 91' lang='lat' dir='ltr'><strong>si</strong></span> 
     </span>
    </p>
   </div>
   <div class='ocr_carea' id='block_1_18' title="bbox 363 3777 2291 3945">
    <p class='ocr_par' dir='ltr' id='par_1_18' title="bbox 363 3777 2291 3945">
     <span class='ocr_line' id='line_1_32' title="bbox 397 3777 2265 3842; baseline 0.001 -16"><span class='ocrx_word' id='word_1_466' title='bbox 397 3778 444 3828; x_wconf 90' lang='lat' dir='ltr'><strong>hus</strong></span> <span class='ocrx_word' id='word_1_467' title='bbox 513 3778 565 3826; x_wconf 82' lang='lat' dir='ltr'><strong>oter</strong></span> <span class='ocrx_word' id='word_1_468' title='bbox 642 3777 763 3826; x_wconf 74' lang='lat' dir='ltr'><strong>histoire</strong></span> <span class='ocrx_word' id='word_1_469' title='bbox 829 3778 971 3840; x_wconf 75' lang='lat' dir='ltr'><strong>tostrogdan</strong></span> <span class='ocrx_word' id='word_1_470' title='bbox 989 3777 1037 3828; x_wconf 74' lang='lat' dir='ltr'><strong>nie</strong></span> <span class='ocrx_word' id='word_1_471' title='bbox 1086 3791 1118 3827; x_wconf 88' lang='lat' dir='ltr'><strong>ne</strong></span> <span class='ocrx_word' id='word_1_472' title='bbox 1174 3793 1236 3842; x_wconf 75' lang='lat' dir='ltr'><strong>meg</strong></span> <span class='ocrx_word' id='word_1_473' title='bbox 1312 3780 1360 3828; x_wconf 88' lang='lat' dir='ltr'><strong>hus</strong></span> <span class='ocrx_word' id='word_1_474' title='bbox 1403 3778 1456 3829; x_wconf 79' lang='lat' dir='ltr'><strong>’dat</strong></span> <span class='ocrx_word' id='word_1_475' title='bbox 1473 3780 1519 3827; x_wconf 91' lang='lat' dir='ltr'><strong>ilce</strong></span> <span class='ocrx_word' id='word_1_476' title='bbox 1554 3779 1645 3829; x_wconf 83' lang='lat' dir='ltr'><strong>stonda</strong></span> <span class='ocrx_word' id='word_1_477' title='bbox 1780 3777 1796 3838; x_wconf 99' lang='grc' dir='ltr'><strong><em>Ἰ</em></strong></span> <span class='ocrx_word' id='word_1_478' title='bbox 1833 3782 1871 3842; x_wconf 75' lang='lat' dir='ltr'><strong>gli</strong></span> <span class='ocrx_word' id='word_1_479' title='bbox 1904 3779 2116 3831; x_wconf 71' lang='grc' dir='ltr'>’δοιιιιοιιιοιᾱι</span> <span class='ocrx_word' id='word_1_480' title='bbox 2209 3781 2265 3828; x_wconf 84' lang='lat' dir='ltr'><strong>ema</strong></span> 
     </span>
     <span class='ocr_line' id='line_1_33' title="bbox 363 3855 2291 3945; baseline 0 -22"><span class='ocrx_word' id='word_1_481' title='bbox 363 3857 473 3924; x_wconf 90' lang='lat' dir='ltr'><strong>domus</strong></span> <span class='ocrx_word' id='word_1_482' title='bbox 495 3876 587 3942; x_wconf 90' lang='lat' dir='ltr'><strong>super</strong></span> <span class='ocrx_word' id='word_1_483' title='bbox 608 3855 802 3943; x_wconf 81' lang='lat' dir='ltr'><strong>semetipsam</strong></span> <span class='ocrx_word' id='word_1_484' title='bbox 840 3855 1035 3942; x_wconf 89' lang='lat' dir='ltr'><strong>dispertiatur</strong></span> <span class='ocrx_word' id='word_1_485' title='bbox 1064 3879 1128 3922; x_wconf 90' lang='lat' dir='ltr'><strong>non</strong></span> <span class='ocrx_word' id='word_1_486' title='bbox 1148 3867 1250 3945; x_wconf 90' lang='lat' dir='ltr'><strong>potest</strong></span> <span class='ocrx_word' id='word_1_487' title='bbox 1269 3859 1379 3924; x_wconf 90' lang='lat' dir='ltr'><strong>domus</strong></span> <span class='ocrx_word' id='word_1_488' title='bbox 1438 3857 1493 3922; x_wconf 93' lang='lat' dir='ltr'><strong>illa</strong></span> <span class='ocrx_word' id='word_1_489' title='bbox 1554 3868 1642 3922; x_wconf 87' lang='lat' dir='ltr'><strong>stare</strong></span> <span class='ocrx_word' id='word_1_490' title='bbox 1691 3857 1742 3924; x_wconf 89' lang='grc'><strong>26.</strong></span> <span class='ocrx_word' id='word_1_491' title='bbox 1770 3856 1866 3924; x_wconf 88' lang='lat' dir='ltr'><strong>Etsi</strong></span> <span class='ocrx_word' id='word_1_492' title='bbox 1947 3869 2068 3924; x_wconf 86' lang='lat' dir='ltr'><strong>satanas</strong></span> <span class='ocrx_word' id='word_1_493' title='bbox 2166 3880 2291 3926; x_wconf 83' lang='lat' dir='ltr'><strong>consur·</strong></span> 
     </span>
    </p>
   </div>
   <div class='ocr_carea' id='block_1_19' title="bbox 362 4007 2291 4178">
    <p class='ocr_par' dir='ltr' id='par_1_19' title="bbox 362 4007 2291 4178">
     <span class='ocr_line' id='line_1_34' title="bbox 383 4007 2291 4074; baseline 0.001 -15"><span class='ocrx_word' id='word_1_494' title='bbox 383 4010 459 4059; x_wconf 86' lang='lat' dir='ltr'><strong>arises</strong></span> <span class='ocrx_word' id='word_1_495' title='bbox 501 4009 528 4057; x_wconf 92' lang='lat' dir='ltr'><strong>in</strong></span> <span class='ocrx_word' id='word_1_496' title='bbox 576 4009 634 4058; x_wconf 86' lang='lat' dir='ltr'><strong>hine</strong></span> <span class='ocrx_word' id='word_1_497' title='bbox 650 4009 729 4058; x_wconf 83' lang='lat' dir='ltr'><strong>solius</strong></span> <span class='ocrx_word' id='word_1_498' title='bbox 770 4013 897 4070; x_wconf 78' lang='lat' dir='ltr'><strong>toworpen</strong></span> <span class='ocrx_word' id='word_1_499' title='bbox 917 4023 972 4058; x_wconf 80' lang='lat' dir='ltr'><strong>was</strong></span> <span class='ocrx_word' id='word_1_500' title='bbox 988 4010 1001 4057; x_wconf 84' lang='grc' dir='ltr'><strong>ι</strong></span> <span class='ocrx_word' id='word_1_501' title='bbox 1017 4009 1065 4060; x_wconf 74' lang='lat' dir='ltr'><strong>uis</strong></span> <span class='ocrx_word' id='word_1_502' title='bbox 1098 4007 1115 4068; x_wconf 91' lang='grc' dir='ltr'><strong><em>Ἰ</em></strong></span> <span class='ocrx_word' id='word_1_503' title='bbox 1147 4024 1189 4064; x_wconf 75' lang='lat' dir='ltr'><strong>,ne</strong></span> <span class='ocrx_word' id='word_1_504' title='bbox 1250 4025 1312 4072; x_wconf 76' lang='lat' dir='ltr'><strong>meg</strong></span> <span class='ocrx_word' id='word_1_505' title='bbox 1362 4010 1479 4072; x_wconf 79' lang='lat' dir='ltr'><strong>gistonda</strong></span> <span class='ocrx_word' id='word_1_506' title='bbox 1519 4010 1550 4059; x_wconf 85' lang='grc' dir='ltr'><strong>ιι</strong></span> <span class='ocrx_word' id='word_1_507' title='bbox 1598 4011 1661 4060; x_wconf 86' lang='lat' dir='ltr'><strong>ende</strong></span> <span class='ocrx_word' id='word_1_508' title='bbox 1704 4011 1787 4061; x_wconf 77' lang='lat' dir='ltr'><strong>heroii</strong></span> <span class='ocrx_word' id='word_1_509' title='bbox 1917 4014 2000 4074; x_wconf 76' lang='lat' dir='ltr'><strong>menig</strong></span> <span class='ocrx_word' id='word_1_510' title='bbox 2019 4026 2078 4062; x_wconf 93' lang='lat' dir='ltr'><strong>mon</strong></span> <span class='ocrx_word' id='word_1_511' title='bbox 2113 4011 2291 4074; x_wconf 76' lang='lat' dir='ltr'><strong>megimehte</strong></span> 
     </span>
     <span class='ocr_line' id='line_1_35' title="bbox 362 4087 2250 4178; baseline 0.002 -25"><span class='ocrx_word' id='word_1_512' title='bbox 362 4088 478 4154; x_wconf 87' lang='lat' dir='ltr'><strong>rexerit</strong></span> <span class='ocrx_word' id='word_1_513' title='bbox 498 4089 531 4151; x_wconf 89' lang='lat' dir='ltr'><strong>in</strong></span> <span class='ocrx_word' id='word_1_514' title='bbox 552 4087 749 4170; x_wconf 89' lang='lat' dir='ltr'><strong>semetipsum</strong></span> <span class='ocrx_word' id='word_1_515' title='bbox 799 4087 973 4175; x_wconf 90' lang='lat' dir='ltr'><strong>dispertitus</strong></span> <span class='ocrx_word' id='word_1_516' title='bbox 995 4096 1041 4153; x_wconf 87' lang='lat' dir='ltr'><strong>est</strong></span> <span class='ocrx_word' id='word_1_517' title='bbox 1089 4098 1120 4152; x_wconf 91' lang='lat' dir='ltr'><strong>et</strong></span> <span class='ocrx_word' id='word_1_518' title='bbox 1139 4110 1203 4152; x_wconf 93' lang='lat' dir='ltr'><strong>non</strong></span> <span class='ocrx_word' id='word_1_519' title='bbox 1224 4090 1337 4174; x_wconf 86' lang='lat' dir='ltr'><strong>poterit</strong></span> <span class='ocrx_word' id='word_1_520' title='bbox 1376 4098 1458 4154; x_wconf 84' lang='lat' dir='ltr'><strong>stare</strong></span> <span class='ocrx_word' id='word_1_521' title='bbox 1499 4089 1553 4154; x_wconf 89' lang='lat' dir='ltr'><strong>sed</strong></span> <span class='ocrx_word' id='word_1_522' title='bbox 1574 4089 1667 4152; x_wconf 90' lang='lat' dir='ltr'><strong>finem</strong></span> <span class='ocrx_word' id='word_1_523' title='bbox 1688 4088 1789 4154; x_wconf 87' lang='lat' dir='ltr'><strong>habet</strong></span> <span class='ocrx_word' id='word_1_524' title='bbox 1831 4091 1883 4154; x_wconf 83' lang='grc'><strong>27.</strong></span> <span class='ocrx_word' id='word_1_525' title='bbox 1944 4090 2047 4156; x_wconf 90' lang='lat' dir='ltr'><strong>Nemo</strong></span> <span class='ocrx_word' id='word_1_526' title='bbox 2151 4101 2250 4178; x_wconf 87' lang='lat' dir='ltr'><strong>potest</strong></span> 
     </span>
    </p>
   </div>
   <div class='ocr_carea' id='block_1_20' title="bbox 363 4240 2290 4408">
    <p class='ocr_par' dir='ltr' id='par_1_20' title="bbox 363 4240 2290 4408">
     <span class='ocr_line' id='line_1_36' title="bbox 374 4240 2290 4306; baseline 0.003 -18"><span class='ocrx_word' id='word_1_527' title='bbox 374 4243 425 4291; x_wconf 83' lang='lat' dir='ltr'><strong>iate</strong></span> <span class='ocrx_word' id='word_1_528' title='bbox 460 4246 560 4303; x_wconf 78' lang='lat' dir='ltr'><strong>stronge</strong></span> <span class='ocrx_word' id='word_1_529' title='bbox 593 4243 651 4304; x_wconf 82' lang='lat' dir='ltr'><strong>iuga</strong></span> <span class='ocrx_word' id='word_1_530' title='bbox 667 4242 679 4290; x_wconf 85' lang='lat' dir='ltr'><strong>i</strong></span> <span class='ocrx_word' id='word_1_531' title='bbox 696 4243 803 4302; x_wconf 77' lang='lat' dir='ltr'><strong>ingouga</strong></span> <span class='ocrx_word' id='word_1_532' title='bbox 837 4241 863 4289; x_wconf 93' lang='lat' dir='ltr'><strong>in</strong></span> <span class='ocrx_word' id='word_1_533' title='bbox 930 4241 977 4290; x_wconf 78' lang='lat' dir='ltr'><strong>hnc</strong></span> <span class='ocrx_word' id='word_1_534' title='bbox 1037 4247 1063 4290; x_wconf 89' lang='grc' dir='ltr'><strong>ιο</strong></span> <span class='ocrx_word' id='word_1_535' title='bbox 1081 4240 1216 4290; x_wconf 82' lang='grc' dir='ltr'>ιιιοιιιιιιιιι</span> <span class='ocrx_word' id='word_1_536' title='bbox 1233 4241 1246 4289; x_wconf 85' lang='grc'><strong>1</strong></span> <span class='ocrx_word' id='word_1_537' title='bbox 1262 4242 1372 4303; x_wconf 74' lang='lat' dir='ltr'><strong>ginioma</strong></span> <span class='ocrx_word' id='word_1_538' title='bbox 1389 4243 1400 4289; x_wconf 89' lang='lat' dir='ltr'><strong>i</strong></span> <span class='ocrx_word' id='word_1_539' title='bbox 1417 4241 1537 4304; x_wconf 75' lang='lat' dir='ltr'><strong>gtreoliga</strong></span> <span class='ocrx_word' id='word_1_540' title='bbox 1570 4241 1665 4302; x_wconf 74' lang='lat' dir='ltr'><strong>uym&#39;be</strong></span> <span class='ocrx_word' id='word_1_541' title='bbox 1697 4243 1764 4290; x_wconf 71' lang='lat' dir='ltr'><strong>erist</strong></span> <span class='ocrx_word' id='word_1_542' title='bbox 1793 4242 1901 4304; x_wconf 75' lang='lat' dir='ltr'><strong>gebinde</strong></span> <span class='ocrx_word' id='word_1_543' title='bbox 1935 4242 2005 4294; x_wconf 60' lang='lat' dir='ltr'><strong>hone</strong></span> <span class='ocrx_word' id='word_1_544' title='bbox 2020 4247 2124 4306; x_wconf 71' lang='lat' dir='ltr'><strong>seongu</strong></span> <span class='ocrx_word' id='word_1_545' title='bbox 2158 4241 2175 4303; x_wconf 86' lang='grc' dir='ltr'><strong><em>Ἰ</em></strong></span> <span class='ocrx_word' id='word_1_546' title='bbox 2205 4245 2290 4294; x_wconf 72' lang='lat' dir='ltr'><strong>henne</strong></span> 
     </span>
     <span class='ocr_line' id='line_1_37' title="bbox 363 4317 2282 4408; baseline 0.003 -26"><span class='ocrx_word' id='word_1_547' title='bbox 363 4341 436 4382; x_wconf 87' lang='lat' dir='ltr'><strong>uasa</strong></span> <span class='ocrx_word' id='word_1_548' title='bbox 463 4319 550 4384; x_wconf 86' lang='lat' dir='ltr'><strong>fortis</strong></span> <span class='ocrx_word' id='word_1_549' title='bbox 612 4321 768 4406; x_wconf 84' lang='lat' dir='ltr'><strong>ingressus</strong></span> <span class='ocrx_word' id='word_1_550' title='bbox 835 4317 868 4381; x_wconf 92' lang='lat' dir='ltr'><strong>in</strong></span> <span class='ocrx_word' id='word_1_551' title='bbox 889 4318 1016 4384; x_wconf 90' lang='lat' dir='ltr'><strong>domum</strong></span> <span class='ocrx_word' id='word_1_552' title='bbox 1222 4320 1356 4408; x_wconf 87' lang='lat' dir='ltr'><strong>diripere</strong></span> <span class='ocrx_word' id='word_1_553' title='bbox 1587 4321 1647 4384; x_wconf 90' lang='lat' dir='ltr'><strong>nisi</strong></span> <span class='ocrx_word' id='word_1_554' title='bbox 1687 4320 1771 4406; x_wconf 89' lang='lat' dir='ltr'><strong>prius</strong></span> <span class='ocrx_word' id='word_1_555' title='bbox 1792 4320 1899 4406; x_wconf 82' lang='lat' dir='ltr'><strong>alliget</strong></span> <span class='ocrx_word' id='word_1_556' title='bbox 1970 4320 2082 4386; x_wconf 79' lang='lat' dir='ltr'><strong>fortem</strong></span> <span class='ocrx_word' id='word_1_557' title='bbox 2150 4331 2181 4388; x_wconf 89' lang='lat' dir='ltr'><strong>et</strong></span> <span class='ocrx_word' id='word_1_558' title='bbox 2207 4333 2282 4387; x_wconf 88' lang='lat' dir='ltr'><strong>tuno</strong></span> 
     </span>
    </p>
   </div>
   <div class='ocr_carea' id='block_1_21' title="bbox 363 4463 2291 4640">
    <p class='ocr_par' dir='ltr' id='par_1_21' title="bbox 363 4463 2291 4640">
     <span class='ocr_line' id='line_1_38' title="bbox 408 4463 2287 4538; baseline 0.003 -19"><span class='ocrx_word' id='word_1_559' title='bbox 408 4471 455 4520; x_wconf 89' lang='lat' dir='ltr'><strong>hus</strong></span> <span class='ocrx_word' id='word_1_560' title='bbox 527 4472 567 4520; x_wconf 85' lang='lat' dir='ltr'><strong>his</strong></span> <span class='ocrx_word' id='word_1_561' title='bbox 619 4473 711 4534; x_wconf 69' lang='lat' dir='ltr'><strong>reoiiga</strong></span> <span class='ocrx_word' id='word_1_562' title='bbox 879 4471 930 4522; x_wconf 73' lang='lat' dir='ltr'><strong>sos</strong></span> <span class='ocrx_word' id='word_1_563' title='bbox 965 4474 988 4520; x_wconf 93' lang='lat' dir='ltr'><strong>lc</strong></span> <span class='ocrx_word' id='word_1_564' title='bbox 1006 4470 1093 4524; x_wconf 73' lang='lat' dir='ltr'><strong>swsto</strong></span> <span class='ocrx_word' id='word_1_565' title='bbox 1128 4473 1176 4522; x_wconf 87' lang='grc' dir='ltr'>ιοιι</span> <span class='ocrx_word' id='word_1_566' title='bbox 1256 4474 1336 4524; x_wconf 74' lang='lat' dir='ltr'><strong>’batte</strong></span> <span class='ocrx_word' id='word_1_567' title='bbox 1421 4473 1468 4523; x_wconf 78' lang='lat' dir='ltr'><strong>alle</strong></span> <span class='ocrx_word' id='word_1_568' title='bbox 1520 4472 1735 4536; x_wconf 61' lang='lat' dir='ltr'><strong>iorgeisnbioban</strong></span> <span class='ocrx_word' id='word_1_569' title='bbox 1769 4487 1862 4524; x_wconf 83' lang='lat' dir='ltr'><strong>sunum</strong></span> <span class='ocrx_word' id='word_1_570' title='bbox 1895 4463 2106 4524; x_wconf 77' lang='lat' dir='ltr'><strong>monnaiilaten</strong></span> <span class='ocrx_word' id='word_1_571' title='bbox 2141 4488 2219 4538; x_wconf 73' lang='lat' dir='ltr'><strong>synna</strong></span> <span class='ocrx_word' id='word_1_572' title='bbox 2270 4470 2287 4533; x_wconf 91' lang='grc' dir='ltr'><strong><em>Ἰ</em></strong></span> 
     </span>
     <span class='ocr_line' id='line_1_39' title="bbox 363 4547 2291 4640; baseline 0.001 -26"><span class='ocrx_word' id='word_1_573' title='bbox 363 4549 492 4614; x_wconf 91' lang='lat' dir='ltr'><strong>domum</strong></span> <span class='ocrx_word' id='word_1_574' title='bbox 512 4549 576 4614; x_wconf 90' lang='lat' dir='ltr'><strong>eius</strong></span> <span class='ocrx_word' id='word_1_575' title='bbox 603 4549 732 4636; x_wconf 81' lang='lat' dir='ltr'><strong>diripiet</strong></span> <span class='ocrx_word' id='word_1_576' title='bbox 774 4547 824 4614; x_wconf 90' lang='grc'><strong>28.</strong></span> <span class='ocrx_word' id='word_1_577' title='bbox 846 4549 951 4614; x_wconf 87' lang='lat' dir='ltr'><strong>Amen</strong></span> <span class='ocrx_word' id='word_1_578' title='bbox 994 4551 1062 4615; x_wconf 91' lang='lat' dir='ltr'><strong>dico</strong></span> <span class='ocrx_word' id='word_1_579' title='bbox 1112 4551 1200 4616; x_wconf 92' lang='lat' dir='ltr'><strong>uobis</strong></span> <span class='ocrx_word' id='word_1_580' title='bbox 1221 4552 1368 4637; x_wconf 88' lang='lat' dir='ltr'><strong>quoniam</strong></span> <span class='ocrx_word' id='word_1_581' title='bbox 1389 4552 1492 4616; x_wconf 89' lang='lat' dir='ltr'><strong>omnia</strong></span> <span class='ocrx_word' id='word_1_582' title='bbox 1530 4552 1720 4618; x_wconf 86' lang='lat' dir='ltr'><strong>dimittentur</strong></span> <span class='ocrx_word' id='word_1_583' title='bbox 1777 4551 1849 4616; x_wconf 91' lang='lat' dir='ltr'><strong>filiis</strong></span> <span class='ocrx_word' id='word_1_584' title='bbox 1915 4551 2075 4617; x_wconf 87' lang='lat' dir='ltr'><strong>hominum</strong></span> <span class='ocrx_word' id='word_1_585' title='bbox 2116 4563 2241 4640; x_wconf 85' lang='lat' dir='ltr'><strong>peccata</strong></span> <span class='ocrx_word' id='word_1_586' title='bbox 2259 4562 2291 4617; x_wconf 91' lang='lat' dir='ltr'><strong>et</strong></span> 
     </span>
    </p>
   </div>
   <div class='ocr_carea' id='block_1_22' title="bbox 300 4701 2290 4869">
    <p class='ocr_par' dir='ltr' id='par_1_22' title="bbox 300 4701 2290 4869">
     <span class='ocr_line' id='line_1_40' title="bbox 359 4701 2264 4765; baseline 0.001 -14"><span class='ocrx_word' id='word_1_587' title='bbox 359 4704 399 4752; x_wconf 89' lang='lat' dir='ltr'><strong>hle</strong></span> <span class='ocrx_word' id='word_1_588' title='bbox 414 4701 561 4752; x_wconf 84' lang='lat' dir='ltr'><strong>eoiolsadun</strong></span> <span class='ocrx_word' id='word_1_589' title='bbox 600 4703 628 4750; x_wconf 85' lang='grc' dir='ltr'><strong>οι</strong></span> <span class='ocrx_word' id='word_1_590' title='bbox 644 4701 712 4752; x_wconf 75' lang='lat' dir='ltr'><strong>’dmm</strong></span> <span class='ocrx_word' id='word_1_591' title='bbox 779 4703 818 4750; x_wconf 84' lang='lat' dir='ltr'><strong>hie</strong></span> <span class='ocrx_word' id='word_1_592' title='bbox 837 4701 986 4752; x_wconf 82' lang='lat' dir='ltr'><strong>eoiulsadun</strong></span> <span class='ocrx_word' id='word_1_593' title='bbox 1153 4703 1216 4754; x_wconf 77' lang='lat' dir='ltr'><strong>ae&#39;de</strong></span> <span class='ocrx_word' id='word_1_594' title='bbox 1252 4703 1338 4754; x_wconf 66' lang='lat' dir='ltr'><strong>bonne</strong></span> <span class='ocrx_word' id='word_1_595' title='bbox 1466 4706 1571 4753; x_wconf 80' lang='grc' dir='ltr'>οοιοιοιι</span> <span class='ocrx_word' id='word_1_596' title='bbox 1669 4717 1701 4753; x_wconf 93' lang='lat' dir='ltr'><strong>on</strong></span> <span class='ocrx_word' id='word_1_597' title='bbox 1769 4703 1840 4765; x_wconf 75' lang='lat' dir='ltr'><strong>balga</strong></span> <span class='ocrx_word' id='word_1_598' title='bbox 1940 4711 2021 4764; x_wconf 71' lang='lat' dir='ltr'><strong>getes</strong></span> <span class='ocrx_word' id='word_1_599' title='bbox 2089 4718 2121 4754; x_wconf 86' lang='lat' dir='ltr'><strong>ue</strong></span> <span class='ocrx_word' id='word_1_600' title='bbox 2190 4705 2264 4754; x_wconf 80' lang='lat' dir='ltr'><strong>hales</strong></span> 
     </span>
     <span class='ocr_line' id='line_1_41' title="bbox 300 4779 2290 4869; baseline 0.002 -24"><span class='ocrx_word' id='word_1_601' title='bbox 300 4781 341 4845; x_wconf 89' lang='grc'><strong>20</strong></span> <span class='ocrx_word' id='word_1_602' title='bbox 362 4779 571 4868; x_wconf 83' lang='lat' dir='ltr'><strong>blasphemiae</strong></span> <span class='ocrx_word' id='word_1_603' title='bbox 599 4781 708 4865; x_wconf 91' lang='lat' dir='ltr'><strong>quibus</strong></span> <span class='ocrx_word' id='word_1_604' title='bbox 738 4781 1028 4867; x_wconf 87' lang='lat' dir='ltr'><strong>blasphemauerint.</strong></span> <span class='ocrx_word' id='word_1_605' title='bbox 1082 4780 1131 4846; x_wconf 91' lang='grc'><strong>29.</strong></span> <span class='ocrx_word' id='word_1_606' title='bbox 1155 4780 1219 4861; x_wconf 82' lang='lat' dir='ltr'><strong>Qui</strong></span> <span class='ocrx_word' id='word_1_607' title='bbox 1246 4792 1349 4848; x_wconf 90' lang='lat' dir='ltr'><strong>autem</strong></span> <span class='ocrx_word' id='word_1_608' title='bbox 1381 4782 1641 4869; x_wconf 85' lang='lat' dir='ltr'><strong>blaephemauerit</strong></span> <span class='ocrx_word' id='word_1_609' title='bbox 1667 4783 1700 4846; x_wconf 89' lang='lat' dir='ltr'><strong>in</strong></span> <span class='ocrx_word' id='word_1_610' title='bbox 1733 4783 1873 4868; x_wconf 86' lang='lat' dir='ltr'><strong>spiritum</strong></span> <span class='ocrx_word' id='word_1_611' title='bbox 1906 4793 2046 4848; x_wconf 89' lang='lat' dir='ltr'><strong>sanctum</strong></span> <span class='ocrx_word' id='word_1_612' title='bbox 2073 4806 2138 4848; x_wconf 93' lang='lat' dir='ltr'><strong>non</strong></span> <span class='ocrx_word' id='word_1_613' title='bbox 2166 4783 2290 4849; x_wconf 86' lang='lat' dir='ltr'><strong>habebit</strong></span> 
     </span>
    </p>
   </div>
   <div class='ocr_carea' id='block_1_23' title="bbox 359 4932 2289 5102">
    <p class='ocr_par' dir='ltr' id='par_1_23' title="bbox 359 4932 2289 5102">
     <span class='ocr_line' id='line_1_42' title="bbox 402 4932 2288 5000; baseline 0.001 -18"><span class='ocrx_word' id='word_1_614' title='bbox 402 4933 546 4996; x_wconf 78' lang='lat' dir='ltr'><strong>iorgsinissa</strong></span> <span class='ocrx_word' id='word_1_615' title='bbox 598 4933 625 4981; x_wconf 92' lang='lat' dir='ltr'><strong>in</strong></span> <span class='ocrx_word' id='word_1_616' title='bbox 683 4933 776 4980; x_wconf 85' lang='lat' dir='ltr'><strong>acuisse</strong></span> <span class='ocrx_word' id='word_1_617' title='bbox 837 4933 867 4982; x_wconf 83' lang='lat' dir='ltr'><strong>ah</strong></span> <span class='ocrx_word' id='word_1_618' title='bbox 903 4933 993 4996; x_wconf 74' lang='lat' dir='ltr'><strong>synnig</strong></span> <span class='ocrx_word' id='word_1_619' title='bbox 1009 4932 1021 4980; x_wconf 90' lang='lat' dir='ltr'><strong>i</strong></span> <span class='ocrx_word' id='word_1_620' title='bbox 1037 4933 1134 4996; x_wconf 75' lang='lat' dir='ltr'><strong>scyldig</strong></span> <span class='ocrx_word' id='word_1_621' title='bbox 1168 4933 1217 4984; x_wconf 73' lang='lat' dir='ltr'><strong>tit</strong></span> <span class='ocrx_word' id='word_1_622' title='bbox 1251 4933 1319 4983; x_wconf 75' lang='lat' dir='ltr'><strong>&#39;bere</strong></span> <span class='ocrx_word' id='word_1_623' title='bbox 1338 4947 1398 4984; x_wconf 76' lang='lat' dir='ltr'><strong>acan</strong></span> <span class='ocrx_word' id='word_1_624' title='bbox 1440 4933 1509 4995; x_wconf 81' lang='lat' dir='ltr'><strong>scyld</strong></span> <span class='ocrx_word' id='word_1_625' title='bbox 1695 4935 1789 4986; x_wconf 68' lang='lat' dir='ltr'><strong>forban</strong></span> <span class='ocrx_word' id='word_1_626' title='bbox 1849 4936 1890 4986; x_wconf 93' lang='lat' dir='ltr'><strong>hie</strong></span> <span class='ocrx_word' id='word_1_627' title='bbox 1908 4935 2010 4986; x_wconf 74' lang='lat' dir='ltr'><strong>ewedun</strong></span> <span class='ocrx_word' id='word_1_628' title='bbox 2063 4935 2117 4987; x_wconf 81' lang='lat' dir='ltr'><strong>&#39;don</strong></span> <span class='ocrx_word' id='word_1_629' title='bbox 2133 4943 2189 5000; x_wconf 73' lang='lat' dir='ltr'><strong>gast</strong></span> <span class='ocrx_word' id='word_1_630' title='bbox 2240 4950 2288 4985; x_wconf 90' lang='lat' dir='ltr'><strong>nn·</strong></span> 
     </span>
     <span class='ocr_line' id='line_1_43' title="bbox 359 5009 2289 5102; baseline 0.002 -25"><span class='ocrx_word' id='word_1_631' title='bbox 359 5013 569 5079; x_wconf 89' lang='lat' dir='ltr'><strong>remissionem</strong></span> <span class='ocrx_word' id='word_1_632' title='bbox 592 5011 624 5075; x_wconf 93' lang='lat' dir='ltr'><strong>in</strong></span> <span class='ocrx_word' id='word_1_633' title='bbox 645 5021 804 5076; x_wconf 88' lang='lat' dir='ltr'><strong>aeternum</strong></span> <span class='ocrx_word' id='word_1_634' title='bbox 825 5013 880 5078; x_wconf 88' lang='lat' dir='ltr'><strong>sed</strong></span> <span class='ocrx_word' id='word_1_635' title='bbox 976 5034 1047 5078; x_wconf 90' lang='lat' dir='ltr'><strong>reus</strong></span> <span class='ocrx_word' id='word_1_636' title='bbox 1161 5012 1220 5077; x_wconf 90' lang='lat' dir='ltr'><strong>erit</strong></span> <span class='ocrx_word' id='word_1_637' title='bbox 1259 5012 1376 5077; x_wconf 87' lang='lat' dir='ltr'><strong>aeterni</strong></span> <span class='ocrx_word' id='word_1_638' title='bbox 1417 5012 1529 5077; x_wconf 88' lang='lat' dir='ltr'><strong>delicti.</strong></span> <span class='ocrx_word' id='word_1_639' title='bbox 1580 5012 1632 5078; x_wconf 93' lang='grc'><strong>30.</strong></span> <span class='ocrx_word' id='word_1_640' title='bbox 1664 5009 1820 5090; x_wconf 82' lang='lat' dir='ltr'><strong>Quoniam</strong></span> <span class='ocrx_word' id='word_1_641' title='bbox 1862 5015 2005 5080; x_wconf 90' lang='lat' dir='ltr'><strong>dicebant</strong></span> <span class='ocrx_word' id='word_1_642' title='bbox 2055 5015 2194 5102; x_wconf 90' lang='lat' dir='ltr'><strong>spiritum</strong></span> <span class='ocrx_word' id='word_1_643' title='bbox 2233 5015 2289 5080; x_wconf 92' lang='lat' dir='ltr'><strong>im-</strong></span> 
     </span>
    </p>
   </div>
   <div class='ocr_carea' id='block_1_24' title="bbox 359 5161 2287 5314">
    <p class='ocr_par' dir='ltr' id='par_1_24' title="bbox 359 5161 2287 5314">
     <span class='ocr_line' id='line_1_44' title="bbox 400 5161 2287 5232; baseline 0.003 -19"><span class='ocrx_word' id='word_1_644' title='bbox 400 5165 474 5214; x_wconf 78' lang='lat' dir='ltr'><strong>olare</strong></span> <span class='ocrx_word' id='word_1_645' title='bbox 541 5164 625 5214; x_wconf 72' lang='lat' dir='ltr'><strong>hatab</strong></span> <span class='ocrx_word' id='word_1_646' title='bbox 778 5161 794 5223; x_wconf 87' lang='grc' dir='ltr'><strong><em>Ἰ</em></strong></span> <span class='ocrx_word' id='word_1_647' title='bbox 854 5177 944 5214; x_wconf 89' lang='lat' dir='ltr'><strong>comun</strong></span> <span class='ocrx_word' id='word_1_648' title='bbox 996 5162 1083 5214; x_wconf 83' lang='lat' dir='ltr'><strong>moder</strong></span> <span class='ocrx_word' id='word_1_649' title='bbox 1130 5165 1169 5214; x_wconf 84' lang='lat' dir='ltr'><strong>hia</strong></span> <span class='ocrx_word' id='word_1_650' title='bbox 1211 5161 1227 5224; x_wconf 93' lang='grc' dir='ltr'><strong><em>Ἰ</em></strong></span> <span class='ocrx_word' id='word_1_651' title='bbox 1268 5164 1364 5215; x_wconf 65' lang='lat' dir='ltr'><strong>brodio</strong></span> <span class='ocrx_word' id='word_1_652' title='bbox 1397 5161 1413 5224; x_wconf 92' lang='grc' dir='ltr'><strong><em>Ἰ</em></strong></span> <span class='ocrx_word' id='word_1_653' title='bbox 1474 5171 1516 5215; x_wconf 88' lang='lat' dir='ltr'><strong>nte</strong></span> <span class='ocrx_word' id='word_1_654' title='bbox 1567 5164 1671 5214; x_wconf 77' lang='lat' dir='ltr'><strong>stonum</strong></span> <span class='ocrx_word' id='word_1_655' title='bbox 1729 5167 1828 5218; x_wconf 81' lang='lat' dir='ltr'><strong>sendus</strong></span> <span class='ocrx_word' id='word_1_656' title='bbox 1887 5173 1914 5217; x_wconf 89' lang='grc' dir='ltr'><strong>ιο</strong></span> <span class='ocrx_word' id='word_1_657' title='bbox 1954 5169 2007 5217; x_wconf 91' lang='lat' dir='ltr'><strong>him</strong></span> <span class='ocrx_word' id='word_1_658' title='bbox 2040 5169 2146 5232; x_wconf 54' lang='lat' dir='ltr'><strong>efflanda</strong></span> <span class='ocrx_word' id='word_1_659' title='bbox 2162 5169 2174 5216; x_wconf 85' lang='lat' dir='ltr'><strong>i</strong></span> <span class='ocrx_word' id='word_1_660' title='bbox 2191 5167 2287 5232; x_wconf 72' lang='lat' dir='ltr'><strong>oegdnn</strong></span> 
     </span>
     <span class='ocr_line' id='line_1_45' title="bbox 359 5241 2225 5314; baseline 0.003 -6"><span class='ocrx_word' id='word_1_661' title='bbox 359 5242 510 5310; x_wconf 88' lang='lat' dir='ltr'><strong>mundum</strong></span> <span class='ocrx_word' id='word_1_662' title='bbox 537 5243 637 5308; x_wconf 86' lang='lat' dir='ltr'><strong>habet.</strong></span> <span class='ocrx_word' id='word_1_663' title='bbox 687 5243 737 5308; x_wconf 90' lang='grc'><strong>31.</strong></span> <span class='ocrx_word' id='word_1_664' title='bbox 765 5241 807 5306; x_wconf 89' lang='grc' dir='ltr'><strong>Ει</strong></span> <span class='ocrx_word' id='word_1_665' title='bbox 834 5241 961 5308; x_wconf 90' lang='lat' dir='ltr'><strong>ueniunt</strong></span> <span class='ocrx_word' id='word_1_666' title='bbox 988 5253 1086 5310; x_wconf 88' lang='lat' dir='ltr'><strong>mater</strong></span> <span class='ocrx_word' id='word_1_667' title='bbox 1112 5244 1176 5310; x_wconf 89' lang='lat' dir='ltr'><strong>eius</strong></span> <span class='ocrx_word' id='word_1_668' title='bbox 1204 5253 1234 5308; x_wconf 92' lang='lat' dir='ltr'><strong>et</strong></span> <span class='ocrx_word' id='word_1_669' title='bbox 1261 5243 1370 5308; x_wconf 85' lang='lat' dir='ltr'><strong>fratres</strong></span> <span class='ocrx_word' id='word_1_670' title='bbox 1396 5253 1427 5310; x_wconf 92' lang='lat' dir='ltr'><strong>et</strong></span> <span class='ocrx_word' id='word_1_671' title='bbox 1454 5245 1530 5310; x_wconf 86' lang='lat' dir='ltr'><strong>foris</strong></span> <span class='ocrx_word' id='word_1_672' title='bbox 1560 5251 1674 5308; x_wconf 62' lang='lat' dir='ltr'><strong>santes</strong></span> <span class='ocrx_word' id='word_1_673' title='bbox 1703 5244 1853 5312; x_wconf 87' lang='lat' dir='ltr'><strong>miserunt</strong></span> <span class='ocrx_word' id='word_1_674' title='bbox 1878 5248 1918 5312; x_wconf 93' lang='lat' dir='ltr'><strong>ad</strong></span> <span class='ocrx_word' id='word_1_675' title='bbox 1940 5269 2011 5314; x_wconf 92' lang='lat' dir='ltr'><strong>eum</strong></span> <span class='ocrx_word' id='word_1_676' title='bbox 2079 5257 2225 5314; x_wconf 87' lang='lat' dir='ltr'><strong>uocantes</strong></span> 
     </span>
    </p>
   </div>
   <div class='ocr_carea' id='block_1_25' title="bbox 0 0 2488 6294">
    <p class='ocr_par' dir='ltr' id='par_1_25' title="bbox 0 0 2488 6294">
     <span class='ocr_line' id='line_1_46' title="bbox 0 0 2488 6294; baseline 0 2"><span class='ocrx_word' id='word_1_677' title='bbox 0 0 2488 6294; x_wconf 95' lang='lat' dir='ltr'><strong> </strong></span> 
     </span>
    </p>
   </div>
  </div>
 </body>
</html>
