4966 6294
1658 237 1809 332 (tama.
1836 237 1963 316 taret
1989 254 2134 318 aare.

1031 501 1076 513 .-
1128 459 1177 537 35
1229 503 1276 513 -

158 657 236 708 crab
271 657 370 706 tobim
406 657 441 708 ’bo
458 658 506 706 bel
541 659 603 706 abna
621 673 652 706 na
721 671 810 718 magro
851 671 916 706 sunu
1149 661 1184 710 ’aa
1202 663 1273 710 brrila
1311 661 1344 710 be
1362 661 1498 722 brudgoma
1538 658 1594 706 mit
1630 659 1681 706 btm
1726 659 1747 705 is
1796 655 1913 704 testanda
1949 671 1998 704 swa
2017 659 2088 716 longo

179 737 221 800 ait
289 735 349 799 illis
406 737 493 802 Iesus
522 737 672 823 numquid
700 746 829 823 possunt
855 737 911 800 filii
931 739 1107 824 nuptiarum
1136 740 1281 826 quamdiu
1333 761 1463 826 sponsus
1525 759 1594 800 cum
1622 736 1682 798 illis
1709 745 1759 814 est
1774 734 1933 799 ieiunare?
1964 733 2078 821 quanto

200 875 252 923 tide
334 875 427 924 babbas
484 877 541 926 mlb
577 875 645 924 'bons
663 875 800 936 brydguma
835 887 865 924 na
918 888 1008 934 magun
1087 877 1156 924 insta
1342 875 1435 925 cuma'b
1490 875 1576 924 ’bonno
1631 872 1705 934 dages
1757 871 1852 932 mibby
1905 873 2021 930 ginbmrn
2040 869 2088 920 bit

156 963 294 1038 tempore
315 953 430 1017 habent
449 974 554 1017 secum
606 975 753 1040 sponsum
806 975 868 1016 non
890 963 1018 1040 possunt
1040 953 1185 1019 ieiunare.
1228 956 1279 1019 20.
1303 955 1438 1022 Uenient
1476 964 1578 1018 autem
1631 953 1696 1016 dies
1767 974 1837 1015 cum
1909 951 2066 1015 auferetur

158 1092 221 1138 bom
256 1091 308 1139 him
342 1090 377 1140 'ba
395 1091 533 1152 brydgurna
567 1087 583 1148 Ἰ
629 1088 666 1138 ’ba
723 1089 764 1138 bia
783 1090 864 1137 lectas
902 1090 929 1136 in
967 1088 1032 1138 'bem
1070 1090 1161 1152 dagam
1291 1092 1371 1152 osnig
1390 1090 1482 1140 sarton
1749 1087 1841 1136 niorras
1875 1087 1967 1148 ssybtes
2002 1090 2089 1136 slowea

169 1169 208 1232 ab
260 1169 302 1233 eis
374 1191 504 1254 sponsus
558 1177 587 1232 et
607 1178 682 1230 tunc
702 1167 880 1231 ieiunabunt
901 1167 932 1230 in
971 1168 1032 1232 illis
1060 1169 1177 1233 diebus.
1219 1171 1268 1234 21.
1340 1169 1442 1234 Nemo
1515 1177 1722 1232 assumentum
1753 1165 1839 1230 rudis
1868 1167 1963 1252 panni
1994 1168 2089 1232 assuit

159 1301 252 1364 giwado
271 1304 282 1351 t
299 1305 408 1366 gigaraln
457 1303 516 1352 aldu
552 1303 633 1352 obera
652 1302 717 1364 trag
751 1305 815 1352 from
831 1304 921 1353 nims'b
1016 1305 1118 1365 sylnisss
1227 1307 1307 1354 niows
1343 1307 1405 1354 {rom
1441 1305 1518 1352 aldun
1557 1302 1573 1363 Ἰ
1615 1318 1682 1352 mara
1717 1303 1857 1350 toslltnesss
1892 1301 1940 1351 bit
2061 1300 2077 1362 Ἰ

199 1382 381 1448 uestimento
434 1381 530 1446 ueteri
562 1380 699 1467 alioquin
782 1383 882 1446 aufert
942 1384 1190 1470 supplementum
1210 1407 1327 1448 nouum
1364 1408 1383 1447 a
1430 1383 1527 1447 ueteri
1548 1392 1577 1444 et
1597 1381 1696 1444 maior
1714 1381 1845 1446 scissura
1885 1381 1928 1443 fit.
1973 1381 2023 1444 22.
2048 1381 2089 1444 Et

158 1520 299 1579 nnntgmon
333 1517 430 1567 aonda'b
479 1520 528 1566 πίη
596 1517 677 1565 niowa
712 1519 738 1565 in
773 1520 871 1580 byttnm
928 1521 1013 1569 aldum
1055 1535 1122 1569 mara
1139 1535 1211 1570 worn
1251 1527 1277 1570 to
1294 1521 1372 1570 slltsb
1409 1519 1461 1570 bat
1477 1522 1526 1567 win
1562 1517 1598 1566 ’ba
1615 1519 1683 1578 bytta
1717 1516 1733 1577 Ἰ
1779 1516 1874 1593 Ἱῐπίιι
1926 1523 2014 1577 agoten
2033 1516 2080 1566 bit

179 1618 271 1661 nemo
334 1596 426 1659 mittit
451 1596 558 1660 uinum
577 1617 693 1660 nouum
712 1596 743 1658 in
785 1607 868 1662 utres
909 1608 1029 1664 ueteres
1063 1597 1198 1685 alioquin
1231 1598 1384 1686 dirumpet
1410 1598 1516 1660 uinum
1579 1603 1661 1658 utres
1710 1605 1739 1658 et
1770 1598 1875 1660 uinum
1912 1596 2088 1660 effundetur
2129 1597 2149 1660 5

166 1729 182 1792 Ἰ
220 1732 267 1782 blo
284 1734 353 1793 bytta
413 1734 484 1782 toaed
555 1733 585 1781 ab
621 1732 674 1782 bet
691 1734 740 1782 win
782 1736 862 1784 niowa
914 1737 940 1783 in
974 1738 1072 1796 byttum
1114 1739 1195 1784 niows
1236 1736 1324 1785 sandes
1359 1734 1381 1781 is
1399 1733 1485 1781 rabilia
1636 1728 1651 1788 Ἰ
1689 1733 1813 1792 giwordan
1857 1745 1912 1781 was
1948 1734 2011 1782 altor
2028 1746 2089 1782 sous

158 1820 189 1874 et
241 1819 323 1874 utres
374 1810 518 1896 peribunt
544 1811 599 1876 sed
626 1812 734 1876 uinum
764 1833 879 1876 nouum
906 1814 938 1876 in
980 1824 1062 1878 utres
1101 1836 1198 1878 nouos
1236 1813 1315 1877 mitti
1369 1811 1469 1876 debet.
1538 1810 1589 1873 23.
1617 1809 1658 1872 Et
1689 1809 1803 1873 iactum
1858 1821 1903 1874 eat
1954 1812 2065 1876 iterum

158 1945 255 2006 mt't’ty
288 1959 369 1996 sunna
387 1946 454 2008 daga
545 1950 605 1998 coda
717 1950 752 1999 ’ba
770 1947 818 1996 bat
866 1947 930 1997 ’barb
1058 1946 1074 2009 Ἰ
1147 1950 1242 2011 'tegnas
1308 1951 1346 1998 bls
1408 1959 1545 2008 ongunnnn
1588 1946 1737 2008 torbgonga
1780 1944 1796 2006 Ἰ

169 2047 239 2088 cum
301 2025 434 2090 sabbatis
486 2027 659 2092 ambularet
689 2027 831 2092 dominus
870 2049 926 2114 per
958 2037 1023 2092 sata
1054 2039 1084 2092 et
1122 2027 1262 2115 discipuli
1295 2028 1359 2092 eius
1391 2034 1559 2114 coeperunt
1590 2023 1738 2112 progredi
1771 2033 1801 2090 et
1831 2026 1949 2090 uellere
1979 2028 2087 2114 spicas.

257 2161 293 2211 ’ba
311 2162 369 2210 aldo
422 2164 520 2212 wutndb
562 2164 664 2212 credun
705 2164 757 2212 him
791 2164 871 2213 baono
906 2164 977 2212 hwat
1028 2164 1096 2214 eoas
1115 2179 1144 2225 ga
1180 2165 1380 2225 onaonnadege
1416 2163 1492 2214 'batte
1536 2165 1574 2211 nis
1619 2163 1698 2210 alelad
1826 2159 1843 2221 Ἰ
1881 2163 1959 2214 anab
1994 2163 2091 2212 tobim

160 2238 208 2304 24.
236 2238 393 2306 Pharisaei
421 2251 524 2306 autem
545 2242 687 2308 dicebant
717 2244 744 2307 ei
793 2265 864 2308 ecce
899 2243 975 2329 quid
1023 2243 1138 2306 iaciunt
1210 2242 1344 2307 sabbatis
1407 2242 1492 2328 quod
1520 2263 1583 2305 non
1611 2239 1704 2304 lieet?
1734 2241 1784 2304 25.
1808 2239 1850 2303 Et
1900 2241 1942 2303 ait
2007 2240 2067 2303 illis

210 2377 282 2423 metra
344 2391 374 2428 ne
392 2379 517 2427 liomadas
534 2379 545 2426 t
562 2393 593 2427 na
614 2380 747 2428 liornadun
788 2379 858 2428 bwaet
903 2379 969 2440 dyda
1018 2379 1099 2428 daui’b
1177 2377 1213 2427 ’ba
1304 2379 1468 2428 buadblboelo
1535 2379 1613 2426 balda
1647 2373 1663 2435 Ἰ
1701 2375 1864 2436 b5[n]crendo
1900 2377 1929 2426 ba
1964 2373 1980 2435 Ἰ
2019 2375 2091 2425 ’baba

159 2473 319 2540 nunquam
484 2457 602 2544 legistis
789 2458 864 2543 quid
885 2456 991 2521 lecerit
1011 2455 1116 2520 Dauid
1137 2455 1262 2542 quando
1283 2456 1494 2520 necessitatem
1516 2456 1624 2520 habuit
1645 2465 1676 2520 et
1735 2456 1839 2520 esuriit
1876 2456 1941 2542 ipse
1962 2465 1993 2520 et
2030 2455 2082 2541 qui

160 2588 216 2640 mi’b
251 2591 309 2640 bina
344 2605 429 2642 aaran
631 2596 687 2642 bna
794 2593 884 2642 losada
944 2596 970 2642 ln
1045 2593 1091 2640 bus
1149 2593 1226 2654 godes
1260 2594 1341 2642 under
1385 2593 1496 2641 abiathar
1580 2593 1650 2642 aldor
1752 2592 1852 2640 asearda
1943 2590 1959 2651 Ἰ
2008 2593 2084 2640 blatra

159 2691 229 2732 eum
264 2691 300 2735 eo
333 2672 444 2736 erant?
485 2673 536 2740 26.
568 2671 734 2751 Quomodo
766 2671 904 2735 introiuit
940 2671 973 2734 in
1005 2670 1131 2735 domum
1161 2671 1224 2736 Dei
1275 2672 1333 2735 sub
1360 2671 1514 2736 Abiathar
1545 2671 1685 2759 principe
1711 2669 1904 2735 sacerdotum
1938 2681 1968 2736 et
1994 2694 2089 2758 panes
2113 2673 2152 2735 10

117 2819 121 2826 ’
159 2806 383 2867 lorogigoorwsdrr
465 2809 548 2868 gibrec
659 2807 696 2858 ’aa
738 2821 816 2857 naron
873 2808 952 2856 alalcd
1011 2813 1038 2856 to
1056 2813 1161 2856 somnne
1195 2807 1291 2868 symea
1326 2821 1402 2856 anum
1419 2809 1546 2858 sacerdon
1580 2805 1596 2866 Ἰ
1647 2807 1715 2855 ealda
1751 2805 1819 2855 ’bem
1864 2804 1898 2855 bs
1938 2806 1996 2856 mis
2030 2808 2089 2856 blas

159 2886 376 2970 propositionis
407 2887 605 2952 manducauit
636 2909 713 2972 quos
749 2909 813 2952 non
851 2888 963 2952 licebat
994 2886 1182 2951 manducare
1219 2887 1277 2949 nisi
1329 2887 1540 2952 sacerdotibus
1573 2894 1603 2949 et
1640 2885 1725 2950 dedit
1763 2885 1805 2949 eis
1847 2884 1900 2970 qui
1933 2906 2003 2948 cum
2043 2907 2079 2951 eo

160 3032 242 3068 aaron
405 3017 421 3079 Ἰ
490 3022 568 3073 ewaa'b
602 3022 699 3070 tobim
787 3022 840 3084 dag
955 3025 994 3072 lor
1092 3028 1168 3074 monb
1233 3025 1359 3086 giwordan
1399 3018 1505 3081 aas]
1550 3035 1600 3072 ner
1659 3035 1719 3070 mon
1804 3021 1857 3068 lora
1935 3027 2005 3071 reate
2022 3024 2076 3085 dag

160 3097 270 3162 erant?
319 3099 369 3162 27.
389 3099 432 3162 Et
462 3099 583 3165 dicebat
626 3102 668 3164 eis
719 3101 881 3164 sabbatum
902 3110 1027 3188 propter
1048 3102 1204 3166 hominem
1235 3101 1350 3165 lactum
1399 3111 1444 3165 est
1478 3109 1509 3164 et
1539 3123 1603 3166 non
1635 3101 1729 3166 homo
1760 3109 1887 3188 propter
1921 3101 2090 3166 sabbatum.

245 3233 338 3284 reson
395 3235 491 3284 blafard
543 3237 565 3284 is
608 3251 675 3286 sunu
718 3251 821 3286 mannos
896 3252 924 3286 ao
976 3243 1001 3287 to
1020 3245 1089 3288 rasta
1108 3241 1174 3300 dags

159 3313 208 3377 28.
230 3313 340 3399 ltaque
364 3313 507 3378 dominus
528 3325 574 3380 est
600 3315 682 3380 filius
704 3315 835 3380 hominis
857 3315 949 3379 etiam
1009 3318 1136 3382 sabbati.

543 3450 560 3512 Ἰ
620 3454 709 3501 luenda
750 3455 883 3502 altoraona
922 3456 949 3502 tn
1001 3467 1138 3514 somnunga
1193 3450 1209 3512 Ἰ
1246 3467 1301 3502 nes
1337 3453 1386 3502 'ber
1428 3465 1486 3501 mon
1556 3454 1635 3503 barda
1695 3454 1778 3502 bondo
1856 3454 1930 3516 dryga
2067 3449 2083 3512 Ἰ

283 3529 361 3616 Cap.
382 3529 445 3596 ΠΙ.
476 3533 504 3595 1.
526 3531 568 3595 Et
592 3531 728 3596 introiuit
766 3533 877 3598 iterum
915 3533 947 3596 in
968 3553 1163 3618 synagogam
1185 3541 1215 3596 et
1242 3542 1308 3596 erat
1333 3533 1376 3597 ibi
1404 3533 1498 3597 homo
1526 3532 1644 3597 habens
1671 3553 1797 3595 manum
1825 3532 1952 3595 aridam.
2001 3531 2030 3594 2.
2052 3529 2094 3593 Et

199 3664 333 3713 bibsoldun
395 3667 452 3716 bina
487 3668 526 3726 gir
540 3669 570 3716 ba
605 3669 689 3730 balgas
707 3670 786 3730 degas
830 3670 942 3731 gigemda
976 3665 1003 3744 ¹15
1038 3670 1085 3716 blas
1102 3670 1190 3718 taldnn
1207 3670 1219 3716 l
1238 3669 1370 3719 nibradun
1415 3669 1473 3718 bins
1615 3665 1632 3728 Ἰ
1677 3668 1755 3717 cwa’b
1790 3673 1816 3718 to
1833 3667 1900 3717 ’barm
1918 3681 1992 3716 mann
2028 3668 2095 3716 beb-

161 3741 367 3805 obseruabant
389 3764 459 3807 eum
519 3746 546 3808 si
626 3748 759 3811 sabbatis
824 3757 945 3812 curaret
974 3755 1009 3811 ut
1110 3757 1289 3812 accusarent
1400 3747 1498 3811 illum.
1550 3747 1579 3810 3.
1608 3745 1648 3808 Et
1697 3747 1738 3809 ait
1841 3747 1959 3812 homini
2032 3747 2085 3810 ha·
2115 3747 2154 3810 15

168 3891 248 3941 bando
300 3894 383 3943 banda
456 3896 532 3956 dryga
597 3899 646 3945 arla
690 3899 716 3945 ln
761 3897 875 3946 mlddom
1001 3896 1017 3958 Ἰ
1054 3899 1132 3949 awo’b
1166 3900 1262 3949 tantm
1297 3900 1460 3960 gilisalalad
1496 3904 1610 3948 onraesta
1625 3899 1715 3961 dagam
1749 3902 1794 3948 wal
1843 3914 1922 3960 wyrca
1972 3900 1984 3947 t
2035 3900 2086 3960 ylla

161 3971 244 4036 benti
278 3993 405 4036 manum
432 3973 549 4038 aridam
569 3991 664 4060 surgo
683 3975 715 4038 in
743 3976 887 4040 medium.
930 3978 960 4040 4.
983 3975 1025 4040 Et
1051 3977 1124 4040 dicit
1167 3979 1230 4042 -eis
1344 3978 1415 4043 licet
1539 3977 1674 4042 sabbatis
1727 3977 1929 4042 benefacere
1950 3999 1991 4040 an
2012 3977 2093 4040 male

161 4125 197 4174 'ba
214 4127 287 4175 rawls
349 4125 405 4175 bala
470 4127 545 4187 gidoa
595 4129 606 4175 l
661 4129 756 4190 loe-siga
808 4129 858 4178 ao'b
894 4129 934 4178 bia
968 4128 1096 4190 swlgadun
1198 4127 1215 4189 Ἰ
1260 4131 1467 4191 ymbseeowsdun
1512 4131 1568 4180 bina
1603 4127 1700 4190 mitty
1813 4130 1947 4179 nnrotsada
2022 4131 2074 4178 afar

159 4204 293 4267 animam
313 4205 431 4270 saluam
451 4206 553 4270 faeere
574 4229 613 4270 an
634 4207 788 4294 perdere?
820 4217 851 4272 at
891 4208 937 4272 illi
957 4209 1107 4273 tacebant.
1129 4209 1159 4273 5.
1182 4207 1223 4272 Et
1244 4210 1489 4298 circumspiciens
1512 4231 1564 4273 eos
1617 4230 1688 4271 cum
1718 4208 1763 4270 ira
1784 4207 1978 4270 contristatus
1999 4230 2092 4295 super

160 4360 340 4420 ungleowniass
374 4360 458 4409 baana
510 4361 580 4408 blora
617 4360 695 4410 cwa'b
730 4369 755 4409 to
775 4362 842 4410 ‘tam
859 4375 934 4410 menn
981 4361 1063 4412 abana
1142 4361 1227 4412 banda
1288 4361 1350 4411 ’bina
1427 4359 1444 4421 Ἰ
1491 4359 1603 4410 ebrardo
1643 4356 1660 4418 Ἰ
1697 4359 1733 4407 alt
1750 4360 1855 4420 gibeted
1891 4373 1945 4409 was
1998 4359 2081 4408 bouda

180 4439 324 4504 caecitate
365 4439 467 4504 cordis
488 4461 595 4505 eorum
617 4440 691 4503 dicit
774 4440 893 4504 homini
955 4442 1087 4506 extende
1116 4463 1241 4504 manum
1275 4451 1369 4504 tuam.
1412 4439 1452 4503 Et
1474 4438 1610 4504 extendit
1637 4448 1666 4503 et
1707 4437 1845 4502 restituta
1897 4449 1943 4502 est
1983 4461 2092 4503 manus

159 4590 211 4637 blm
310 4585 386 4648 1³6⁸
404 4593 486 4640 codun
505 4592 574 4642 bona
609 4593 707 4642 wutudl
767 4607 829 4641 sona
891 4592 927 4641 'ba
945 4591 1032 4654 pharis
1082 4593 1138 4642 mic
1173 4592 1275 4640 herodes
1295 4589 1406 4651 bagnum
1447 4591 1582 4650 'tebtunga
1633 4593 1679 4640 bie
1698 4591 1781 4642 dodun
1876 4591 1930 4642 ars
2032 4594 2084 4642 bitu

157 4666 211 4729 illi.
255 4667 284 4731 6.
367 4668 525 4734 Exeuntes
608 4682 710 4736 autem
745 4671 846 4735 statim
889 4671 1042 4758 pharisaei
1073 4693 1142 4734 cum
1195 4669 1383 4734 Herodianis
1439 4671 1600 4735 eonsilium
1634 4671 1788 4736 faciebant
1821 4671 1984 4736 aduersum
2020 4691 2090 4735 eum

217 4820 251 4868 bu
338 4821 397 4871 bina
430 4822 524 4884 losaiga
540 4823 650 4872 maebtnn
752 4822 824 4883 Ἰὶο
841 4823 890 4871 bet
1048 4823 1106 4874 mib
1182 4821 1268 4884 ’sagon
1342 4824 1380 4872 bis
1440 4824 1523 4873 roardo
1574 4827 1602 4872 to
1662 4837 1694 4872 sta
1745 4821 1761 4883 Ἰ
1798 4825 1897 4884 monlga
1931 4823 2031 4874 ³orestas
2066 4823 2094 4871 ol

158 4898 313 4982 quomodo
338 4921 409 4964 eum
455 4902 627 4988 perderent.
697 4904 725 4966 7.
779 4903 868 4967 Iesus
909 4911 1012 4967 autem
1041 4925 1111 4966 oum
1139 4902 1296 4990 discipulis
1324 4903 1385 4966 suis
1414 4903 1536 4968 secessit
1563 4902 1604 4966 ad
1630 4925 1716 4968 mare
1737 4913 1767 4967 et
1793 4903 1891 4968 multa
1939 4899 2030 4964 turba
2070 4904 2152 4967 a20

183 5051 272 5112 galilea
325 5049 341 5112 Ἰ
383 5055 411 5102 ol
426 5053 528 5103 ludanm
562 5056 678 5118 lylganda
712 5069 802 5104 aaran
837 5055 889 5102 bim
1007 5051 1025 5115 Ἰ
1077 5057 1139 5103 lrom
1230 5057 1323 5104 blarusl
1400 5051 1417 5114 Ἰ
1454 5057 1489 5104 lrb
1530 5056 1659 5104 idumeum
1700 5051 1716 5113 Ἰ
1768 5057 1820 5104 olor
1891 5052 2005 5100 iordanes
2064 5050 2080 5112 Ἰ

159 5127 301 5195 Galilaea
321 5140 352 5195 et
391 5132 509 5198 Iudaea
569 5145 672 5199 secuta
741 5142 787 5199 est
829 5156 908 5198 eum.
952 5135 981 5199 8.
1003 5133 1044 5197 Et
1085 5134 1124 5196 ab
1167 5133 1369 5218 Ierosolymis
1396 5144 1427 5199 et
1454 5135 1494 5199 ab
1520 5135 1669 5199 Idumaea
1696 5142 1727 5197 et
1753 5142 1837 5196 trans
1863 5129 2031 5194 Iordanem
2058 5141 2088 5196 et

160 5281 230 5332 'baba
265 5283 323 5343 ymb
402 5286 451 5345 tyri
521 5282 538 5344 Ἰ
600 5285 705 5334 sindona
786 5299 877 5346 mengn
965 5287 1038 5334 miclo
1078 5287 1184 5335 herendo
1201 5299 1285 5335 werun
1302 5285 1314 5333 t
1331 5287 1451 5348 giberdun
1487 5287 1557 5338 ’baba
1592 5290 1622 5338 bs
1640 5286 1767 5351 wyreonda
1786 5298 1842 5333 wass
1902 5297 1991 5332 comen
2055 5289 2081 5332 to

86 5357 90 5372 ¹
158 5359 211 5444 qui
252 5358 333 5423 circa
363 5359 485 5448 Tyrum
517 5372 547 5428 et
574 5362 723 5430 Sidonem
751 5363 914 5428 multitudo
944 5386 1059 5451 magna
1192 5366 1349 5431 audientes
1485 5368 1564 5451 qrrae
1657 5366 1787 5430 faciebat
1875 5371 2027 5427 uenerunt
2047 5364 2087 5427 ad
2108 5350 2171 5420 Μ

1854 5459 1900 5526 5*
