4966 6294
1126 507 1172 515 ..-
1222 485 1363 536 IV·—

382 655 562 740 Sequuntur
581 655 705 739 glossae
726 651 879 740 evangelii
898 654 996 719 Marci
1012 677 1154 721 sermone
1176 654 1485 740 Northanhymbrico
1515 655 1715 740 compositae,
1737 654 1844 740 quales
1865 655 1896 718 in
1919 655 2025 720 codice
2046 655 2249 740 bibliothepae

255 753 446 819 Bodleianae
475 752 679 832 Oxoniensis,
709 753 834 816 nomine
860 753 1071 817 Rushworthii
1099 753 1199 834 claro,
1227 761 1362 833 exstant,
1392 773 1430 816 ex
1451 752 1632 838 apographo
1654 751 1835 818 Beniamini
1864 752 1985 838 ltarpe
2011 774 2094 817 nuno
2114 753 2248 841 primum

256 851 364 915 editae.
406 851 458 915 De
486 852 647 933 affinitate,
677 873 738 936 qua
766 851 865 916 codex
891 850 1168 915 Rushworlhianus
1196 873 1266 915 cum
1294 849 1556 914 Lindisfarneensi
1586 851 1765 914 coniunctus
1793 861 1855 931 est,
1891 853 1924 915 in
1952 852 2031 916 libro
2060 873 2131 916 meo
2157 873 2249 938 supra

256 957 426 1014 memorato
444 948 594 1013 disserui.
636 947 710 1012 Hoc
736 948 807 1014 loco
836 949 875 1012 ad
904 970 956 1028 ca,
986 972 1065 1033 quae
1099 949 1269 1026 Wanleius,
1298 949 1330 1010 in
1359 947 1561 1013 describendo
1591 948 1700 1013 eodem
1730 949 1852 1031 codice,
1885 951 2042 1037 exposuit,
2071 950 2133 1015 hoc
2153 971 2249 1013 unum

257 1046 427 1111 addiderim
454 1047 551 1131 (quod
571 1045 775 1110 Beniaminus
799 1047 919 1133 Tbocpe
945 1056 1062 1133 primus
1088 1047 1330 1131 animadvertit),
1359 1047 1456 1111 verba
1482 1046 1616 1131 margini
1645 1048 1796 1132 superiori
1823 1049 1955 1134 paginae
1983 1048 2097 1113 codicis
2124 1047 2250 1112 ultimae

256 1144 409 1230 adscripta
438 1144 577 1230 rhythmi
608 1144 707 1208 rarius
741 1144 897 1230 quoddam
924 1166 1023 1230 genus
1056 1144 1218 1226 exhibere,
1248 1144 1468 1223 resonantiam,
1501 1151 1535 1206 ut
1562 1143 1604 1206 ita
1630 1142 1746 1228 dicam,
1775 1146 1959 1233 implexam,
1988 1157 2080 1232 atquc
2107 1147 2151 1210 ita
2183 1166 2250 1210 esse

256 1241 407 1327 legenda:

752 1341 830 1407 haefe
851 1345 894 1406 nil
915 1343 971 1406 boo
992 1340 1154 1406 awritene·
1178 1342 1272 1405 bruca
1291 1340 1361 1408 mi'b
1382 1341 1481 1404 willa·

758 1439 859 1523 symlc
880 1441 947 1507 mi'b
969 1441 1086 1507 adbum
1104 1439 1237 1524 giledfa·
1260 1439 1307 1503 sib
1329 1439 1355 1502 is
1378 1439 1528 1524 egbwbm
1550 1440 1668 1505 ledfost.

380 1553 460 1617 Inde
486 1562 584 1638 patet,
611 1573 648 1616 ea
674 1573 737 1615 non
766 1553 931 1617 cohaerere
954 1575 1024 1616 cum
1051 1553 1266 1640 inscriptione,
1296 1553 1326 1615 in
1356 1553 1508 1638 margine
1523 1553 1668 1618 inferiore
1695 1555 1827 1640 paginae
1856 1555 2078 1640 paenultimae,
2105 1554 2190 1618 hunc
2216 1554 2249 1616 in

257 1652 386 1717 modum
409 1672 569 1737 expressa:

750 1750 795 1814 'be
816 1751 880 1810 min
902 1747 1016 1812 bruche
1036 1747 1162 1834 gibidde
1182 1749 1249 1812 fore
1271 1748 1363 1812 owiin
1386 1749 1431 1814 'be
1451 1749 1511 1813 'bes
1532 1746 1588 1811 boc

747 1846 875 1931 gloesdc
897 1847 1029 1938 faermen
1045 1849 1128 1913 'bem
1150 1849 1271 1932 prcdste
1291 1855 1329 1911 aet
1350 1845 1536 1925 hirnwuda3

257 1965 335 2028 hacc
356 1963 437 2027 enim
459 1963 670 2049 imperfectum
693 1962 857 2026 ostendunt
876 1962 1073 2048 rhythmum,
1095 1963 1146 2027 vel
1168 1983 1294 2048 prorsus
1316 1961 1446 2023 nullum.
1489 1959 1600 2046 Neque
1621 1960 1681 2024 hoo
1702 1960 1902 2024 omittendum
1918 1982 1985 2026 esse
1998 1964 2118 2048 putavi,
2136 1985 2250 2027 noman

258 2060 449 2138 Formanni,
481 2059 564 2145 quod
584 2058 927 2144 Northanhymbricum
956 2081 1023 2124 ease
1051 2060 1187 2140 videtur,
1219 2081 1270 2123 me
1296 2058 1391 2122 semel
1415 2065 1534 2121 mutum
1563 2059 1716 2144 reperisse
1737 2061 1768 2121 in
1791 2059 1871 2123 libro
1898 2061 1979 2124 vitae
2006 2059 2211 2124 Dunelmcnsi
2231 2085 2250 2124 a

257 2157 390 2244 Josepabo
413 2158 574 2222 Steceaason
595 2159 676 2222 odito
694 2181 724 2244 p.
746 2158 796 2222 45.
1223 2175 1226 2180 ’

377 2257 539 2322 Postremo
562 2278 630 2338 eos,
656 2257 723 2341 qui,
745 2255 895 2340 glossario
918 2255 962 2319 uti
982 2255 1103 2336 volont,
1131 2256 1298 2336 admoneo,
1329 2277 1420 2320 voces
1449 2254 1577 2341 syllabis
1599 2279 1618 2316 a
1639 2254 1724 2318 ddm
1752 2255 1826 2318 had
1858 2256 1966 2342 scipe
1994 2255 2166 2320 desinentes
2187 2278 2250 2319 ma-

255 2353 365 2418 sculini
392 2375 458 2418 asse
485 2356 624 2440 generis,
662 2355 693 2416 in
729 2375 807 2439 ung
835 2364 865 2418 et
893 2376 960 2419 nes
993 2354 1102 2439 (nys)
1131 2363 1278 2417 exeuntes
1307 2353 1461 2433 feminini,
1490 2364 1583 2439 atque
1609 2355 1760 2418 vocabula
1789 2377 1858 2419 oum
1890 2355 2018 2442 syllabis
2046 2355 2191 2441 praefixis
2220 2363 2250 2419 et

255 2451 412 2538 particulis
432 2455 451 2514 d
471 2462 516 2516 aet
542 2453 588 2516 ba
616 2452 782 2516 forfone
804 2453 910 2537 gain
932 2452 1010 2515 mid
1032 2452 1072 2514 of
1094 2452 1180 2516 ofer
1204 2473 1251 2515 on
1279 2472 1321 2514 or
1348 2455 1384 2515 to
1412 2453 1456 2515 uf
1474 2453 1574 2536 (use)
1596 2476 1643 2516 un
1672 2453 1798 2517 under
1825 2476 1873 2541 up
1900 2457 1941 2518 ot
1969 2458 2019 2522 bb
2048 2454 2146 2540 burh
2168 2475 2250 2519 oom-

255 2550 354 2636 posita
374 2550 407 2613 in
426 2551 613 2636 simplicibus
635 2571 701 2614 esse
724 2550 907 2634 quaerenda.

472 2665 746 2775 macha
768 2653 877 2777 W(
898 2647 1053 2734 mm
