4966 6294
1223 405 1472 480 ...44-

409 608 458 657 hin
475 607 597 670 gihardun
633 607 691 656 hine
725 603 802 682 'phe
818 619 883 656 ware
1018 602 1033 664 Ἰ
1094 618 1145 652 swa
1163 603 1257 652 twtdar
1306 606 1332 652 tn
1349 603 1434 654 toerda
1479 608 1505 654 tn
1551 603 1611 654 lond
1663 605 1676 652 t
1727 605 1753 653 tn
1788 605 1891 666 gtmarn
1944 603 1956 652 1
2005 607 2032 654 tn
2051 610 2147 654 amatre
2192 608 2220 654 tn
2264 607 2358 669 platon

419 686 587 752 audiebant
626 707 697 750 eum
767 705 842 750 esse
927 683 978 747 56.
1004 681 1046 747 Et
1080 705 1275 769 quocumque
1306 683 1452 749 introibat
1482 684 1515 748 in
1543 685 1628 750 uioos
1649 683 1700 749 uel
1731 685 1762 748 in
1801 683 1891 748 uillas
1922 692 1976 748 aut
2007 682 2157 748 ciuitates
2189 683 2222 747 in
2259 685 2361 771 plateis

450 829 535 874 settnn
595 822 631 873 ’δι
648 817 843 884 untrymigu]
941 820 1053 882 &bedun
1138 820 1196 868 hine
1231 818 1283 895 “leto
1335 821 1347 868 1
1434 821 1492 869 taso
1591 820 1714 880 &nedum
1775 819 1815 867 hle
1876 819 2006 880 gthrtonon
2049 815 2067 877 Ἰ
2111 832 2168 867 ewa
2188 821 2259 868 ottor
2290 823 2359 881 31111-

411 903 569 990 ponebant
630 901 770 965 infirmos
819 909 849 963 et
871 898 1115 985 deprecabantur
1135 919 1206 964 eum
1248 907 1281 962 ut
1314 898 1366 962 uel
1386 897 1541 962 fimbriam
1564 898 1738 964 uestimenti
1760 897 1825 962 eius
1855 905 2022 983 tangerent
2047 907 2083 962 et
2107 907 2270 984 quotquot
2304 912 2361 964 tun-

436 1050 505 1088 onun
573 1037 625 1086 tim
674 1037 729 1085 hala
780 1036 914 1096 glwurdnn

411 1118 529 1203 gabant
559 1139 629 1182 eum
660 1115 739 1180 salui
783 1115 909 1180 fiebant.

791 1249 808 1310 Ἰ
847 1251 904 1300 mi't
920 1250 956 1313 ’ty
974 1265 1061 1301 aemon
1096 1259 1122 1301 to
1158 1251 1211 1300 blm
1268 1249 1304 1300 ’tu
1321 1251 1381 1299 aldu
1422 1249 1438 1310 Ἰ
1476 1252 1619 1302 admonere
1655 1254 1682 1301 ot
1714 1251 1851 1302 u’tnutum
1901 1249 2022 1311 eymardo
2058 1250 2132 1298 trem
2189 1249 2337 1302 hierusalem

534 1331 611 1419 Oap.
633 1331 707 1396 VH.
732 1333 760 1394 1.
782 1329 824 1394 Et
859 1330 1046 1394 conueniunt
1086 1330 1125 1393 ad
1148 1351 1219 1393 eum
1239 1329 1393 1416 pharisaei
1415 1341 1445 1396 et
1487 1331 1614 1417 quidem
1644 1331 1684 1396 de
1724 1329 1833 1394 scribis
1879 1330 2037 1394 uenientes
2069 1330 2116 1394 ab
2152 1329 2359 1417 lerosolymis.

470 1468 487 1528 Ἰ
523 1468 580 1518 mi't
590 1467 628 1529 ’ey
663 1469 768 1530 gisegtm
822 1465 965 1516 sumao'tre
1010 1469 1039 1514 ot
1094 1465 1206 1527 ³§agrium
1275 1466 1314 1514 lits
1379 1468 1548 1528 gimatelteum
1613 1465 1794 1517 mittendum
1828 1465 1882 1515 ’sat
1916 1467 1938 1514 is
1973 1464 2163 1525 unswaegnum
2238 1473 2305 1516 eotts

369 1549 441 1614 52.
463 1546 505 1612 Et
536 1569 607 1612 oum
637 1547 786 1611 uidissent
817 1545 968 1632 quosdam
999 1566 1038 1609 ex
1071 1543 1228 1632 discipulis
1260 1545 1324 1610 eius
1353 1546 1567 1612 communibus
1629 1545 1772 1610 manibus
1834 1544 1868 1608 id
1899 1555 1946 1609 est
1984 1567 2047 1608 non
2070 1542 2149 1608 lotis
2180 1547 2358 1612 manducare
2420 1601 2421 1606 ,

410 1686 490 1734 hletae
541 1687 580 1734 tor
597 1684 699 1733 cwedun
717 1683 763 1731 hta
942 1681 1003 1730 aldn
1198 1678 1214 1739 Ἰ
1286 1681 1334 1730 alle
1403 1684 1490 1733 tudens
1532 1683 1595 1732 buta
1647 1684 1713 1730 ottor
1765 1679 1903 1742 gl’tnognn
1938 1680 2022 1728 honde
2087 1693 2123 1728 ne
2237 1687 2294 1730 aton

412 1785 508 1852 panes
530 1763 793 1849 uituperauerunt
847 1763 877 1826 3.
898 1760 1058 1825 Pharisaei
1090 1760 1173 1826 enim
1204 1769 1235 1824 et
1266 1782 1372 1826 omnes
1405 1761 1513 1826 ludaei
1545 1762 1603 1825 nisi
1635 1761 1746 1825 crebro
1775 1759 1910 1822 lauerint
1937 1780 2048 1822 manus
2077 1781 2147 1822 non
2179 1760 2356 1825 manducent

410 1901 546 1964 gtteoldon
581 1905 700 1948 sattnassa
719 1899 731 1946 1
749 1899 857 1947 seluesse
928 1898 1003 1946 altra
1153 1895 1169 1956 Ἰ
1225 1899 1288 1948 [rom
1323 1897 1388 1960 sing
1401 1905 1477 1948 stowe
1512 1912 1538 1946 se
1625 1895 1745 1958 gitulntd
1832 1909 1864 1944 na
1960 1902 2019 1945 etun
2101 1893 2119 1955 Ἰ
2161 1896 2229 1946 o'tra
2264 1899 2354 1960 monigu

411 1987 550 2045 tenentes
622 1978 818 2042 traditionem
881 1977 1046 2042 seniorum.
1090 1978 1120 2040 4.
1142 1976 1183 2040 Et
1243 2000 1261 2040 a
1365 1979 1434 2043 soro
1497 1977 1556 2042 nisi
1588 1977 1783 2064 baptizentur
1815 1996 1878 2039 non
1901 1974 2075 2041 eomedunt
2098 1985 2133 2041 et
2165 1975 2229 2040 alia
2271 1976 2352 2040 muln
2420 1997 2421 2008 ¹

410 2116 504 2166 studun
539 2115 620 2167 {Sabe
671 2117 753 2180 gtsald
805 2131 867 2166 arun
901 2116 954 2164 him
996 2123 1023 2165 to
1042 2116 1166 2164 haldenne
1234 2115 1333 2163 tulwiht
1419 2114 1494 2163 celtae
1555 2111 1571 2173 Ἰ
1608 2115 1702 2161 onbora
1719 2111 1791 2161 htora
1825 2109 1841 2172 Ἰ

423 2204 495 2260 sunt
542 2215 621 2280 quae
652 2193 765 2259 tradita
801 2205 872 2258 sunt
899 2194 960 2258 illis
1022 2216 1148 2260 seruare
1188 2194 1371 2281 baptismata
1391 2192 1521 2258 calicum
1541 2202 1572 2257 et
1608 2213 1774 2256 urceorum
1810 2202 1842 2258 et
1863 2203 2122 2258 aeramentorum
2146 2203 2179 2257 et
2201 2194 2348 2258 lectorum.
2420 2183 2421 2248 ἶ

481 2329 497 2391 Ἰ
587 2333 691 2394 gitragn
787 2332 845 2380 hine
886 2333 1012 2382 aldormen
1046 2329 1063 2390 Ἰ
1101 2332 1211 2382 u’tnntu
1246 2330 1382 2381 owa'tende
1416 2320 1509 2380 ihworn
1553 2329 1650 2391 ’tegnas
1698 2329 1760 2379 'tina
1795 2343 1825 2377 ne
1895 2342 1987 2390 gongas
2063 2332 2140 2378 aester
2199 2329 2324 2391 gisetnlssa
2420 2335 2421 2356 ³

410 2415 439 2478 b.
461 2413 504 2477 Et
524 2411 758 2499 interrogabant
779 2433 850 2476 eum
871 2411 1023 2498 pharisaei
1045 2421 1075 2475 et
1100 2411 1219 2475 scribae
1245 2411 1380 2475 dieentes
1412 2431 1510 2495 quare
1530 2407 1671 2495 discipuli
1702 2409 1746 2473 tui
1775 2429 1837 2472 non
1860 2408 2020 2472 ambulant
2053 2409 2148 2472 iuxta
2168 2409 2347 2474 traditionem

452 2551 528 2599 saldra
613 2548 643 2596 ah
726 2548 868 2597 unelaenurn
953 2547 1066 2596 tondum
1161 2546 1239 2596 aota't
1358 2547 1438 2595 hletae
1575 2544 1626 2594 soti
1661 2544 1691 2593 ta
1760 2540 1878 2602 Ἰιιοιᾱιι
1948 2542 2027 2592 eunt
2063 2545 2120 2592 him
2157 2543 2252 2593 tesbon
2296 2543 2332 2590 ιιιΙ
2420 2603 2421 2632 1

355 2630 396 2694 10
415 2627 574 2694 seniorum
604 2626 660 2691 sed
691 2626 906 2690 communibus
939 2626 1080 2690 manibus
1111 2625 1299 2690 manducant
1332 2621 1469 2710 panem?
1518 2625 1548 2688 6.
1570 2625 1617 2688 At
1643 2625 1696 2688 ille
1724 2624 1915 2710 respondens
1952 2623 2031 2687 dixit
2062 2625 2111 2689 eis
2171 2625 2245 2710 quia
2284 2624 2345 2686 bene

437 2763 574 2826 gewitgade
661 2764 725 2811 anate
776 2765 803 2810 ot
861 2763 909 2811 ion⁷
996 2763 1106 2825 togarum
1175 2775 1225 2810 swa
1294 2763 1396 2810 twrttan
1448 2763 1469 2810 ts
1539 2762 1619 2812 toleta
1672 2761 1716 2810 ’tis
1751 2760 1808 2810 mi't
1820 2762 1900 2812 mute
1935 2776 1989 2810 meo
2022 2761 2147 2812 'sorsat

412 2841 610 2930 prophetauit
639 2841 735 2906 Isaiae
767 2840 806 2906 de
838 2841 927 2906 nobis
958 2841 1128 2929 hypocritis
1158 2842 1237 2907 sieut
1263 2842 1411 2929 scriptum
1438 2849 1485 2906 est
1510 2842 1640 2929 populus
1670 2842 1720 2904 hio
1776 2841 1866 2904 labiis
1935 2862 1987 2905 me
2015 2841 2157 2906 honorat
2186 2863 2241 2906 eor
2260 2848 2341 2903 auten
2420 2871 2421 2896 ι

1578 2977 1678 3038 silente
1764 2979 1851 3026 larvas
1921 2974 1936 3036 Ἰ
2009 2976 2110 3027 blbodu
2218 2989 2300 3024 monne

414 3081 522 3124 eorum
552 3058 647 3144 longe
677 3068 722 3121 est
753 3079 772 3121 a
802 3079 860 3122 me.
922 3056 950 3118 l.
977 3055 1018 3120 In
1050 3078 1165 3121 uanum
1196 3067 1299 3122 autem
1335 3077 1387 3122 me
1416 3055 1523 3122 uolunt
1554 3056 1698 3122 docentes
1730 3056 1885 3122 deebinns
1916 3065 1947 3120 et
1984 3065 2159 3144 praecepte
2194 3055 2337 3121 hominum.

479 3198 514 3246 att
531 3197 668 3245 torlaortnu
720 3196 779 3242 hine
856 3193 952 3242 bibodn
1009 3193 1086 3254 godes
1121 3194 1234 3256 gibelden
1304 3193 1409 3244 uetuisse
1513 3208 1606 3244 monna
1717 3194 1815 3244 tulwibt
1885 3194 2063 3243 onborahiora
2109 3192 2127 3254 Ἰ
2202 3193 2276 3242 auca
2315 3184 2326 3245 1

415 3277 444 3341 8.
466 3275 688 3361 Relinquentes
711 3274 793 3336 enim
812 3271 992 3337 mandatum
1020 3272 1082 3338 Dei
1122 3273 1230 3338 tenetis
1259 3274 1456 3339 traditionem
1483 3273 1645 3338 hominum
1673 3274 1856 3360 baptismata
1888 3295 2052 3338 urceorum
2098 3283 2132 3338 et
2168 3273 2333 3338 oelieunet

411 3413 474 3464 otro
525 3413 599 3475 gilius
634 3410 735 3461 {baum
770 3410 901 3458 wnudrum
935 3412 1021 3472 menig
1140 3405 1157 3468 Ἰ
1211 3409 1289 3460 enat
1342 3419 1368 3460 to
1386 3411 1438 3459 him
1498 3411 1544 3460 wel
1595 3409 1735 3458 blamerltea
1770 3409 1857 3470 gittone
1944 3410 2021 3460 bibod
2094 3411 2176 3474 godeo
2211 3408 2259 3485 pte
2282 3403 2326 3450 stlt-
2420 3407 2421 3448 t

414 3493 475 3557 alia
503 3490 614 3554 similia
662 3489 709 3553 his
785 3488 883 3552 facitis
925 3489 1032 3553 multa.
1075 3490 1104 3554 9.
1126 3488 1168 3554 Et
1189 3489 1310 3554 dicebat
1360 3489 1422 3554 illis
1479 3490 1558 3554 bene
1604 3488 1727 3553 irritum
1759 3489 1857 3552 tacitis
1879 3499 2080 3576 praeceptum
2108 3491 2175 3556 Dei
2225 3499 2254 3552 ut
2284 3491 2330 3544 trt-
2420 3543 2421 3548 ,

460 3631 526 3677 nisse
612 3628 688 3676 lower
755 3624 868 3687 nualdus
1004 3638 1102 3686 moyses
1155 3624 1248 3673 tortor
1283 3624 1363 3674 owart
1416 3624 1505 3675 wor'ta
1565 3625 1641 3672 tader
1693 3623 1774 3674 ’tinne
1808 3623 1825 3685 Ἰ
1877 3627 1964 3674 moder
2025 3627 2091 3678 'etna
2128 3626 2145 3688 Ἰ
2184 3625 2246 3675 sant
2289 3617 2331 3667 nis·

353 3710 393 3776 15
415 3707 565 3772 ditionem
584 3716 720 3770 uestram
740 3703 877 3768 seruatis.
920 3705 969 3768 10.
990 3701 1117 3788 Moyses
1160 3703 1244 3766 enim
1282 3702 1361 3766 dixit
1394 3704 1516 3769 honora
1536 3719 1656 3793 patrem
1677 3715 1765 3771 tuum
1792 3716 1824 3771 et
1851 3717 1982 3771 matrem
2011 3717 2154 3772 tuamet
2187 3705 2238 3791 qui
2263 3697 2332 3764 malt

421 3857 521 3908 enabat
572 3857 641 3906 feder
691 3855 703 3903 1
755 3856 854 3905 moader
887 3855 945 3906 mis
963 3854 1046 3905 derbe
1079 3853 1192 3916 rideted
1209 3855 1259 3906 bt't
1396 3871 1426 3920 ge
1469 3860 1604 3910 wutndlioe
1640 3858 1755 3908 ewao'tts
1803 3859 1843 3921 git
1885 3860 1932 3908 hle
1950 3859 2067 3910 eweo'tae
2122 3873 2182 3908 mon
2233 3854 2293 3904 tader
2306 3848 2332 3894 tt

414 3937 528 4003 dixerit
560 3937 642 4024 patri
669 3935 719 4000 uel
756 3935 847 4000 matri
917 3947 1018 4000 morte
1085 3935 1244 4000 moriatur.
1300 3939 1348 4000 ll.
1371 3936 1438 4006 Uos
1481 3948 1584 4002 numm
1643 3937 1741 4003 dicitis
1804 3938 1831 4002 si
1911 3938 2025 4002 dixerit
2100 3939 2196 4004 homo
2257 3927 2319 4018 ptlss'

436 4094 448 4141 1
492 4091 592 4142 moader
608 4089 648 4138 his
1026 4089 1080 4148 gete
1131 4085 1184 4164 'pto
1198 4103 1248 4138 swa
1265 4090 1337 4138 buret
1354 4093 1375 4139 ts
1411 4093 1439 4139 ot
1480 4105 1520 4140 ma
1564 4090 1599 4141 ’te
1657 4095 1753 4154 gtwexe
1940 4088 1957 4151 Ἰ
1994 4091 2092 4140 lurtum
2133 4106 2165 4142 ue
2216 4083 2320 4146 orgum

413 4171 464 4237 uel
519 4171 610 4235 matri
673 4169 789 4234 corban
810 4168 894 4254 quod
919 4177 965 4232 eat
991 4166 1110 4232 donum
1149 4168 1366 4254 quodcumque
1407 4191 1447 4234 ex
1476 4191 1527 4234 me
1553 4171 1609 4236 tibi
1634 4170 1794 4259 profuerit.
1848 4168 1896 4234 12.
1925 4169 1968 4234 Et
1998 4169 2080 4234 ultra
2111 4192 2175 4235 non
2207 4157 2333 4232 dimittitis

424 4327 478 4375 him
559 4324 623 4385 enig
692 4323 796 4384 givyrea
813 4323 825 4370 1
843 4322 917 4382 gldoa
951 4322 1022 4371 tader
1055 4323 1095 4370 hta
1145 4322 1158 4371 1
1208 4321 1309 4371 moedau
1429 4324 1464 4372 att
1481 4338 1511 4385 ge
1529 4327 1555 4372 to
1574 4323 1645 4374 slltas
1692 4322 1759 4370 word
1813 4324 1889 4381 godes
1917 4322 1983 4374 ’terh
2051 4327 2161 4374 setntsae
2243 4319 2307 4366 low

416 4424 487 4468 eum
506 4403 675 4490 quidquam
757 4402 860 4467 facero
952 4402 1032 4489 patri
1053 4423 1108 4466 suo
1129 4412 1182 4466 aut
1213 4402 1304 4466 matri
1359 4401 1407 4465 13.
1430 4401 1638 4468 rescindentes
1661 4402 1792 4466 uerbum
1821 4400 1883 4466 Dei
1919 4422 1976 4488 per
2000 4401 2197 4466 traditionem
2220 4403 2331 4460 uestram

427 4555 497 4605 bono
555 4554 670 4618 gisaldun
722 4550 738 4613 Ἰ
781 4555 863 4604 bielno
933 4552 1034 4603 ’tuslten
1104 4553 1185 4603 swina
1203 4553 1306 4614 monign
1340 4553 1428 4614 gtdoas
1573 4551 1589 4612 Ἰ
1631 4559 1658 4602 to
1676 4555 1778 4616 gtoegm
1853 4555 1889 4603 att
1954 4553 2007 4604 ’tet
2024 4556 2074 4604 tole
2137 4549 2215 4601 ovat
2250 4553 2274 4594 to
2290 4541 2329 4588 blm

414 4656 507 4721 quam
528 4632 694 4697 tradidistis
714 4643 746 4697 et
765 4632 877 4696 similia
898 4631 1073 4696 huiusmodi
1156 4632 1254 4695 multa
1334 4631 1441 4696 facitis.
1494 4634 1543 4694 14.
1562 4631 1604 4696 Et
1631 4631 1786 4698 aduocans
1815 4641 1927 4698 iterum
1953 4633 2075 4698 turbam
2109 4631 2226 4697 dicebat
2263 4619 2313 4684 illis

409 4790 507 4851 giberto
526 4799 555 4848 ge
590 4797 643 4832 mee
695 4785 742 4833 alla
798 4782 815 4845 Ἰ
869 4789 988 4846 ongeotas
1146 4785 1207 4833 naht
1249 4785 1273 4834 is
1315 4787 1376 4834 buta
1433 4799 1555 4835 nonnum
1628 4755 1703 4846 ¹ingan
1776 4788 1802 4836 tn
1838 4787 1897 4836 ltine
1946 4786 2000 4836 'tat
2049 4799 2127 4848 mago
2169 4783 2225 4832 tine
2256 4767 2329 4834 tl'll'
2420 4827 2421 4832 ,

351 4869 393 4936 20
433 4867 537 4932 audite
590 4884 642 4928 me
668 4884 774 4928 omnes
797 4873 826 4928 et
844 4863 1016 4949 intelligite.
1060 4863 1110 4928 15.
1131 4861 1219 4928 Nihil
1239 4875 1285 4928 est
1306 4874 1395 4929 extra
1417 4864 1576 4928 hominem
1597 4865 1746 4929 introiens
1775 4865 1807 4928 in
1835 4886 1907 4930 eum
1927 4865 2010 4951 quod
2039 4866 2135 4952 possit
2161 4864 2242 4926 eum'
2262 4849 2329 4916 eoin·

458 5021 508 5082 ltge
577 5017 609 5067 ah
644 5014 727 5066 ’tate
762 5019 788 5064 ot
838 5030 911 5066 menn
983 5018 1107 5065 torennae
1159 5015 1195 5066 'tu
1233 5015 1325 5064 studun
1362 5015 1442 5066 ’δι’ὁι
1530 5017 1666 5077 uuinton
1729 5017 1994 5069 menut’tonemonn
2114 5017 2153 5078 git
2187 5002 2327 5060 testetur.

414 5100 542 5184 quinere
569 5094 624 5160 sed
647 5117 726 5180 quae
755 5093 794 5158 de
813 5095 939 5160 homine
959 5095 1133 5183 procedunt
1151 5093 1207 5159 illa
1243 5102 1316 5160 sunt
1365 5117 1444 5180 quae
1475 5097 1703 5162 communicant
1770 5097 1940 5162 hominnm.
2045 5099 2095 5163 16.
2118 5094 2152 5163 Si
2216 5087 2276 5175 quit

420 5251 504 5301 natet
543 5264 601 5299 earu
648 5254 673 5298 to
694 5249 828 5311 gitaranne
877 5249 961 5308 gibero
1106 5245 1121 5307 Ἰ
1158 5248 1215 5300 mie
1230 5247 1268 5310 ’sy
1320 5247 1411 5298 lnoode
1469 5250 1497 5297 in
1559 5251 1606 5300 tua
1658 5253 1721 5299 trom
1757 5249 1844 5300 ernon
1914 5249 2055 5313 gttrngnurn
2229 5239 2323 5313 {egum

343 5358 346 5366 ·
414 5330 508 5396 habet
534 5351 624 5395 aures
671 5326 817 5393 audiendi
859 5325 970 5391 audiat.
1022 5328 1070 5390 17.
1096 5326 1137 5390 Et
1183 5349 1252 5392 oum
1289 5327 1444 5393 introisset
1463 5328 1497 5391 in
1519 5328 1645 5392 domum
1686 5351 1706 5392 a
1752 5329 1844 5394 turba
1863 5330 2096 5417 interrogabant
2117 5347 2183 5393 eum
2204 5305 2324 5398 discipull
