4966 6294
1205 423 1255 434 -
1305 383 1480 490 oe<

402 666 428 706 to
634 657 736 717 gebyres
804 653 875 703 redes
941 645 1065 716 niitylges
1106 649 1244 718 ntuetlioe(
1260 651 1288 718 ¹)
1425 657 1510 705 betnih
1528 655 1642 705 toslitten
1683 656 1719 706 nis
1787 669 1876 719 gessen
1937 656 1987 706 soh
2004 657 2016 705 l
2033 593 2130 706 ohbnlh
2174 656 2201 733 'p
2261 661 2299 709 hal

396 735 437 800 ad
457 747 597 800 tenorem
618 735 749 822 pertinet
767 732 906 796 lectionis
939 755 1070 818 sequens
1141 733 1203 797 iam
1310 734 1397 798 stilus
1439 734 1627 820 interruptus
1670 756 1736 800 esse
1761 735 1912 799 uideatur.
1990 757 2099 800 uerum
2174 746 2209 799 ut
2241 738 2322 803 saluo

410 893 515 941 liohoms
558 890 631 940 o’e'ds
674 890 802 952 gondrung
879 887 970 937 o’oerra
1030 888 1073 938 ’his
1091 887 1145 963 ἰῇ
1189 889 1212 936 is
1301 890 1415 951 godspell
1575 837 1694 951 sindriga
1744 888 1760 950 Ἰ
1807 890 1842 941 ’ta
1862 890 1987 942 hamcu'cs
2022 899 2099 941 stoue
2140 894 2169 940 ot
2235 891 2298 942 hom

397 991 526 1056 corpore
564 970 629 1033 siue
697 977 783 1032 textu
832 976 1004 1031 ccterorum
1057 969 1118 1032 hoe
1175 979 1221 1032 est
1259 969 1479 1054 euangelium(
1503 970 1535 1054 ')
1569 969 1695 1056 propria
1733 976 1765 1034 et
1813 969 1975 1033 familiaria
2023 970 2093 1035 loca
2134 971 2167 1033 in
2219 972 2323 1056 quibus

399 1091 490 1152 getici
508 1090 554 1137 itm
587 1084 686 1147 lenae
704 1087 767 1162 gello
802 1088 928 1147 geonedon
964 1093 1071 1149 gewrita
1106 1088 1146 1138 ’ou
1165 1089 1239 1137 maht
1274 1085 1290 1148 Ἰ
1327 1088 1383 1139 mih
1401 1088 1466 1138 so’oe
1518 1101 1624 1150 gesseron
1676 1091 1781 1151 onisngo
1831 1090 1893 1138 buta
1909 1095 1954 1138 tna
2007 1091 2035 1140 oi
2068 1089 2135 1140 ’dnm
2152 1079 2276 1151 legdsnd.
2288 1093 2326 1154 fo·

420 1169 525 1234 cadem
579 1167 779 1252 similiterque
800 1167 936 1230 dixerint
976 1167 1055 1231 scire
1115 1167 1215 1254 possis
1256 1189 1293 1231 ao
1355 1189 1428 1232 uere
1487 1168 1638 1231 disserere
1668 1177 1793 1254 accepta
1818 1169 1978 1234 occasione
1999 1189 2038 1233 ex
2080 1168 2229 1255 praedicti

396 1289 516 1352 rmapdea)
543 1303 588 1338 uer
620 1294 750 1350 gesetnesa
785 1287 864 1338 odera
897 1287 1020 1336 rehtnissa
1070 1292 1128 1334 tene
1196 1289 1223 1336 ei
1238 1289 1271 1335 tal
1334 1286 1367 1337 ’6ο
1402 1301 1494 1336 mareas
1511 1288 1523 1334 i
1540 1292 1625 1336 uenas
1670 1288 1692 1336 io
1709 1289 1852 1350 gemercade
1913 1288 1977 1338 'esra
2063 1295 2134 1338 areat
2228 1289 2292 1338 fener

542 1367 600 1433 uiri
641 1367 742 1433 studio
800 1366 862 1431 alia
908 1366 1026 1453 ratione
1047 1365 1154 1430 decem
1175 1388 1304 1431 numero
1331 1366 1386 1430 tihi
1468 1365 1571 1430 titulos
1672 1367 1841 1453 designari.
1875 1389 2008 1454 quorum
2039 1367 2156 1455 primus
2188 1377 2325 1453 quattuor

400 1525 426 1573 in
461 1525 514 1573 him
563 1524 685 1584 gehaldas
771 1470 822 1586 uid
902 1523 929 1570 in
993 1521 1061 1571 ’tam
1121 1521 1211 1582 galima
1247 1524 1275 1570 ot
1348 1523 1424 1570 silum
1485 1521 1610 1582 geeneden
1645 1536 1723 1572 aron⁴

357 1603 429 1668 oin
469 1623 502 1667 se
550 1603 686 1668 continet
722 1621 866 1666 numeros
898 1593 930 1663 in
969 1600 1080 1686 quibus
1110 1599 1221 1664 similia
1242 1601 1281 1663 ab
1309 1600 1461 1664 uniuersis
1515 1600 1595 1665 dieta
1637 1611 1709 1664 sunt
1747 1601 1884 1667 Mattheo
1924 1602 2030 1668 Marco
2059 1601 2146 1667 Luca
2182 1601 2323 1667 Iohanne.

430 1727 513 1774 altera
572 1726 600 1772 in
644 1723 710 1772 'tem
751 1720 813 1772 ersa
1309 1719 1385 1770 ’tinia
1419 1720 1446 1769 in
1499 1719 1566 1770 'tam
1619 1720 1682 1771 'ores
2227 1721 2308 1772 leardo

397 1803 549 1868 secundus
570 1802 602 1865 in
623 1802 733 1887 quibus
753 1809 816 1865 tres
839 1799 992 1866 Mattheus
1013 1802 1138 1867 Marcus
1159 1799 1269 1864 Lucas.
1295 1800 1402 1865 tertius
1423 1801 1456 1862 in
1482 1800 1593 1887 quibus
1620 1812 1683 1865 tres
1712 1801 1865 1868 Mattheus
1886 1801 1986 1868 Lucas
2007 1803 2176 1868 Iohannes.
2206 1811 2324 1888 quartus

397 1925 424 1972 in
478 1924 544 1974 hem
583 1922 645 1974 'orca
953 1960 954 1964 ,
1215 1923 1272 1970 ntra
1323 1923 1349 1969 in
1403 1921 1469 1970 ’tam
1512 1927 1588 1983 tnoge
1798 1959 1801 1968 .
1939 1926 2014 1974 seista
2048 1927 2075 1974 iu
2120 1924 2190 1974 ³emin
2242 1930 2322 1984 tuoege

398 2003 430 2066 in
453 2003 563 2088 quibus
583 2011 644 2066 tres
665 2001 821 2067 Mattheus
843 2001 967 2066 Marcus
987 2001 1153 2066 Iohannes.
1176 2001 1300 2086 quintus
1321 1999 1351 2062 in
1375 1999 1486 2086 quibus
1517 2001 1578 2066 duo
1611 2001 1767 2067 Mattheus
1791 2001 1899 2066 Lucas.
1922 2013 2026 2067 sextus
2046 2003 2215 2088 inquibus
2250 2001 2306 2066 dno

581 2123 606 2184 (t.
627 2123 735 2178 Meroua)
777 2123 896 2171 socienda
933 2122 960 2168 in
1014 2121 1081 2170 ham
1133 2129 1207 2182 tuege
1610 2122 1719 2172 sahts’oa
1759 2124 1787 2172 in
1847 2123 1915 2174 hem
1967 2129 2040 2185 tuege

399 2201 552 2268 Mattheus
574 2199 740 2266 Iohannes.
761 2201 908 2288 septimus
931 2201 962 2262 in
992 2200 1103 2286 quibus
1133 2199 1195 2266 duo
1229 2199 1383 2264 Mattheus
1404 2197 1571 2264 Iohannes.
1604 2209 1729 2266 ortanus
1759 2203 1792 2266 in
1822 2203 1933 2290 quibus
1971 2203 2032 2268 duo
2064 2201 2196 2286 Marcus
2222 2199 2321 2266 Lucas.

403 2322 485 2372 niodo
518 2323 545 2370 in
600 2321 666 2370 hem
719 2330 807 2382 tuoege
1190 2320 1263 2369 tei'oa
1322 2321 1350 2368 in
1411 2320 1479 2370 'tem
1522 2320 1649 2382 suindrlge
1684 2321 1714 2370 oi
1797 2322 1890 2373 o’omm
1963 2322 2106 2372 sundnrliee
2169 2323 2288 2372 awuritnn

397 2422 496 2464 nonus
519 2403 549 2463 in
578 2401 689 2486 quibus
728 2400 790 2464 duo
821 2397 922 2464 Lucas
953 2397 1119 2463 Iohannes.
1152 2400 1288 2463 decimus
1322 2401 1353 2462 in
1389 2399 1500 2485 quibus
1528 2399 1642 2485 singuli
1681 2400 1720 2464 de
1751 2401 1935 2486 quibusdam
1973 2401 2097 2488 proprie
2134 2399 2321 2467 scribserunt.

395 2559 423 2606 oi
438 2557 494 2606 'oon
512 2571 539 2606 so
583 2525 646 2607 'ears
666 2557 772 2604 undena
824 2567 956 2615 marcunga
999 2552 1025 2630 '15
1069 2555 1091 2602 is
1140 2555 1337 2615 rehtsmeawnng
1371 2503 1459 2619 borhtp
1491 2554 1589 2604 soillioe
1640 2555 1711 2606 hiera
1805 2569 1864 2618 sego
1951 2555 2001 2618 ’oya
2044 2557 2066 2605 is
2101 2553 2233 2615 {lieston
2267 2554 2321 2604 ’terh

337 2637 377 2700 10
398 2635 541 2720 equidem
573 2635 781 2699 subiectorum
809 2633 968 2698 titulorum
1002 2633 1035 2698 id
1062 2642 1107 2698 est
1134 2643 1350 2718 argumentum
1372 2633 1455 2697 clara
1509 2655 1583 2698 uero
1631 2655 1738 2698 eorum
1768 2635 1904 2701 narratio
1937 2634 2013 2700 haee
2033 2643 2086 2699 cst.
2109 2635 2224 2699 etenim
2276 2653 2323 2719 por

404 2757 524 2817 syndriga
557 2762 633 2804 stowa
728 2753 858 2816 godepeila
958 2751 1045 2802 o'oiier
1146 2755 1182 2802 tal
1276 2766 1380 2815 gesagen
1398 2752 1448 2803 bi'o
1499 2759 1619 2814 tegeretet
1671 2756 1788 2805 heraliae
1805 2755 1817 2804 i
1833 2755 1939 2818 lythuon
1992 2757 2114 2816 onrinnas
2151 2756 2215 2803 from
2263 2743 2308 2801 lma

398 2834 521 2920 singula
558 2832 627 2898 loca
668 2833 902 2918 euangeliorum
934 2831 1060 2917 quidam
1091 2853 1237 2897 numerus
1298 2831 1423 2896 uidetur
1477 2831 1633 2918 adpositus
1737 2833 1884 2921 paulatim
1977 2833 2126 2919 incipiens
2175 2855 2194 2896 a
2232 2831 2321 2919 primo

400 2947 502 3006 tetthen
537 2953 575 3016 'oy
594 2955 689 3002 alteria
751 2952 833 3004 si'o’os
885 2951 948 3002 ’drea
981 2949 997 3010 Ἰ
1035 2951 1100 3002 ’terh
1135 2952 1326 3001 andebrednisse
1371 2951 1539 3002 'tarabooana
1582 2952 1645 3002 ends
1696 2952 1751 3004 wi'o
1794 2942 1818 3002 le
1827 2953 2013 3015 prostratores
2049 2951 2137 3002 ³donne
2174 2951 2236 3002 ’terh
2268 2963 2321 3000 tun·

416 3034 487 3100 dein
548 3032 682 3098 secundo
710 3039 867 3118 postremo
887 3040 949 3098 tres
978 3043 1008 3095 et
1039 3051 1095 3117 per
1167 3031 1308 3095 ordinem
1376 3028 1528 3094 librorum
1558 3031 1653 3096 finem
1676 3054 1771 3118 usque
1804 3033 2017 3120 progrediens.
2042 3031 2150 3117 itaque
2177 3051 2233 3118 per
2271 3028 2322 3092 sin·

406 3157 476 3217 drlga
559 3153 611 3202 talo
749 3152 785 3201 tal
870 3149 935 3201 'terh
1130 3149 1249 3199 bischead
1323 3143 1459 3211 inhigeates
1477 3150 1489 3198 t
1507 3150 1617 3200 iniindas
1652 3152 1765 3214 inertem
1798 3151 1949 3213 gabernari
1967 3156 2082 3213 getnonus
2128 3153 2157 3200 to
2175 3150 2270 3212 cheam
2300 3149 2323 3196 ot

397 3234 490 3322 gulos
509 3253 655 3298 numeros
676 3229 850 3318 supputatio
877 3249 935 3315 per
959 3227 1047 3291 minii
1074 3225 1300 3292 distinctionem
1393 3230 1549 3294 inuenitur
1650 3229 1766 3294 inserta
1854 3230 2031 3316 signifiesns
2178 3229 2227 3294 cui
2289 3225 2321 3288 de

409 3348 496 3420 rehum
530 3367 639 3402 mercum
691 3355 813 3413 togesetet
898 3350 933 3397 tal
1041 3361 1171 3397 oncnawsa
1214 3349 1308 3398 swelce
1365 3348 1462 3399 aohites
1531 3356 1602 3399 arent
1653 3351 1777 3400 wutetliee
1811 3352 1833 3400 is
1868 3353 1896 3399 in
1931 3349 1998 3400 hom
2015 3352 2094 3399 forma
2140 3352 2179 3412 gif
2227 3363 2253 3400 sc
2298 3348 2320 3394 ln

397 3437 504 3502 decem
533 3433 629 3498 titulis
668 3429 825 3517 adpositus
847 3423 993 3492 numerus
1014 3426 1191 3492 dinoscitur.
1214 3427 1309 3492 ueluti
1331 3428 1480 3513 siquidem
1503 3430 1637 3514 primum
1659 3437 1777 3492 certum
1798 3439 1844 3494 est
1862 3429 1894 3492 in
1957 3429 2067 3516 primo.
2139 3429 2167 3494 si
2195 3425 2321 3493 uoroin

400 3555 465 3607 ham
483 3547 555 3606 atita
589 3550 606 3613 Ἰ
645 3553 680 3602 ’oa
697 3552 745 3600 ilca
784 3550 845 3598 wisa
901 3548 956 3598 wi’o
1008 3555 1034 3598 to
1077 3555 1164 3597 tenum
1199 3549 1238 3606 git
1269 3547 1368 3596 so’tliee
1401 3549 1465 3596 irem
1480 3547 1622 3609 ymboerred
1668 3561 1701 3596 au
1786 3561 1837 3597 sna
1855 3549 1927 3598 hnelo
2007 3552 2034 3598 oi
2086 3550 2113 3597 oi
2130 3551 2204 3600 ieeur
2252 3545 2307 3610 gotl-

340 3637 380 3701 15
408 3633 543 3700 seeundo
581 3642 612 3698 et
640 3629 750 3696 eodem
769 3628 863 3693 mode
884 3649 982 3712 usque
1004 3627 1043 3692 ad
1066 3626 1182 3690 decem.
1204 3627 1230 3687 si
1271 3625 1366 3710 igitur
1449 3626 1574 3690 euoluto‘
1650 3649 1712 3692 uno
1747 3626 1963 3712 qualicumque
1995 3625 2034 3692 de
2065 3637 2212 3712 quattuor
2243 3643 2322 3690 euan-

397 3754 505 3818 spallum
539 3765 590 3802 sua
607 3751 721 3800 hnelonm
755 3737 857 3798 lucardo
876 3748 888 3796 t
904 3746 1073 3796 hesioduenrd
1108 3744 1148 3795 ’ou
1166 3746 1243 3793 walia
1287 3745 1403 3794 instonds
1450 3743 1466 3804 Ἰ
1504 3741 1654 3812 oitg[e]nuta
1689 3747 1770 3799 ’taho
1822 3749 1887 3809 geiic
1954 3748 2054 3810 saegdcn
2096 3746 2113 3808 J
2152 3743 2322 3804 stowatrtrte

403 3833 493 3920 galiis
567 3829 692 3896 cuilibet
847 3825 981 3913 capitulo
1141 3824 1217 3890 nelis
1270 3823 1409 3888 insistere
1440 3833 1470 3889 et
1520 3829 1635 3892 rescire
1697 3828 1750 3913 qui
1798 3828 1911 3892 similia
1929 3827 2064 3892 dixerint
2084 3837 2115 3892 et
2194 3826 2261 3892 loca

414 3954 517 4004 sundrla
568 3963 686 4002 onenawa
737 3961 797 3996 anre
815 3946 922 4008 gchwele
956 3949 983 3995 in
1036 3945 1103 3995 ’orem
1169 3946 1232 4006 gelio
1275 3958 1335 3993 aron
1375 3935 1503 4008 imprecor
1539 3938 1678 3996 arianum
1722 3947 1787 3997 eone
1839 3961 1894 3998 svn
1907 3949 1979 3998 hves
2018 3946 2156 3998 halimon
2185 3941 2322 3995 sarriendo

401 4032 525 4123 propria
545 4049 713 4117 agnoscere
734 4026 928 4114 singulorum
955 4024 1120 4110 inquibus
1141 4023 1249 4088 eadem
1268 4032 1339 4122 sunt
1357 4023 1508 4110 prolocuti
1537 4024 1673 4088 eiusdem
1694 4047 1802 4090 sensus
1824 4047 2009 4112 quemquem
2044 4035 2128 4092 tenes
2179 4025 2305 4109 religans

1312 4125 1321 4157 ι
2020 4125 2022 4130 ,

424 4186 577 4250 loregeeet-ed
681 4184 717 4232 tal
794 4178 852 4240 ]is
871 4185 897 4230 to
915 4193 1037 4230 aoeoanns
1072 4181 1130 4228 hine
1165 4181 1191 4226 in
1219 4167 1357 4240 iemercnno
1394 4177 1461 4228 hene
1530 4185 1641 4232 rotenses
1693 4195 1837 4242 mereunges
1871 4181 2049 4230 undermeroad
2115 4195 2178 4231 sona
2238 4179 2323 4239 gerute

401 4269 598 4358 propositum¹
613 4283 776 4328 numerum
798 4261 1031 4347 quaesitumque
1064 4257 1193 4323 eumin
1243 4257 1330 4320 titulo
1373 4279 1465 4342 quem
1485 4257 1675 4324 demonstrat
1725 4262 1806 4326 tituli
1867 4261 2040 4325 subnotatio
2062 4261 2207 4326 continuo
2239 4257 2309 4320 sciro

404 4423 444 4473 ’eu
461 4425 535 4473 maht
584 4422 613 4471 ot
703 4419 887 4468 olerwrttennm
997 4416 1048 4476 §aa
1092 4417 1117 4464 in
1164 4414 1283 4462 torunmd
1318 4415 1369 4461 iore
1387 4413 1494 4474 genotad
1541 4413 1580 4464 ’tu
1598 4362 1707 4478 infinitas
1748 4405 1814 4465 iiten
1853 4415 1879 4492 15
1914 4431 1965 4465 swa
1981 4415 2066 4476 menig
2100 4419 2127 4464 ot
2160 4416 2225 4467 sam
2277 4409 2308 4460 '6⁸

414 4504 526 4589 poteris
575 4521 615 4566 ex
644 4495 953 4586 superscribtionibus
985 4517 1061 4581 quas
1089 4494 1119 4556 in
1170 4491 1271 4556 fronte
1350 4500 1468 4556 notatae
1553 4492 1691 4558 inuenies
1747 4495 1820 4580 quia
1849 4503 1884 4559 ut
1960 4505 2035 4580 quot
2086 4494 2126 4559 de
2168 4493 2214 4557 his
2253 4504 2324 4574 qnae

403 4622 443 4675 ’611
460 4621 572 4672 insoeoas
612 4621 702 4680 gelicra
754 4619 855 4666 creden
917 4615 1008 4677 oyms'o
1061 4609 1222 4674 goeieesoe
1258 4619 1283 4662 to
1331 4611 1423 4664 oerum
1474 4612 1605 4674 godspslle
1639 4613 1703 4664 ’terh
1733 4614 1789 4666 ’ton
1806 4615 1854 4664 ilco
1949 4616 1985 4664 tal
2089 4615 2156 4666 'tene
2201 4607 2307 4662 mmandr

340 4705 381 4768 20
419 4698 556 4790 inquires
598 4697 709 4761 similia
729 4696 872 4760 dixerint.
898 4694 1022 4758 ueniens
1097 4689 1188 4756 etiam
1250 4689 1289 4754 ad
1316 4691 1435 4777 reliqna
1456 4692 1616 4780 euangelia
1645 4716 1701 4780 per
1729 4693 1861 4758 eundem
1883 4715 2045 4757 numerum
2067 4714 2160 4778 quem
2180 4689 2323 4757 continent

400 4823 440 4875 ’on
456 4824 535 4885 gestet
567 4817 710 4880 togesetedo
728 4816 740 4864 i
757 4813 894 4877 gagoadrad
930 4812 992 4863 'terh
1037 4810 1155 4873 sundtigo
1234 4811 1285 4860 talo
1367 4807 1432 4869 ]eo
1478 4811 1513 4861 ’oa
1547 4813 1573 4860 in
1608 4811 1678 4861 hiera
1730 4814 1886 4875 suindrigum
1938 4813 2039 4876 stydnm
2058 4815 2069 4861 l
2086 4823 2189 4864 stownm
2223 4805 2322 4868 orsella

411 4903 530 4968 uidebis
660 4894 815 4982 adpositos
939 4913 994 4979 per
1029 4889 1168 4977 singulos
1190 4899 1447 4974 numerosaeque
1475 4910 1528 4954 eos
1553 4891 1585 4953 in
1617 4891 1678 4954 suis
1713 4894 1907 4980 propriisque
2030 4891 2104 4958 locis
2223 4882 2321 4950 similia

267 5085 268 5088 Ἴ
407 5023 537 5086 geowsdon
572 5019 611 5069 ’ou
629 5017 743 5066 onssndss
1323 5013 1326 5022 ’

364 5101 527 5199 pqdixisse
575 5095 739 5184 repperies.
1277 5181 1292 5194 η

1026 5193 1125 5255 gerard
1142 5195 1164 5242 is
1276 5191 1434 5251 tasegdnisss
1558 5197 1669 5246 eusebiss

385 5242 606 5320 21³⁷«-
654 5274 956 5304 -a-w--ffl
980 5269 1191 5338 r2rrn1o1r
1227 5269 1485 5340 Pssurnrro
1515 5269 1703 5342 susurri.

1097 5396 1529 5432 ψ
