4966 6294
1178 411 1429 486 .„1ss...

387 605 453 654 cus'e
493 608 562 654 ertu
631 605 735 666 cynuise
854 609 946 654 writtes
1151 609 1177 656 in
1196 611 1280 672 hrlntg
1314 611 1391 660 blatea
1445 610 1501 659 mid
1517 611 1608 671 recing
1658 613 1797 672 gebonardo
1843 608 1859 670 1
1907 611 1942 662 ’sa
1961 613 2057 673 baguas
2104 613 2287 676 monigtsldltcc
2338 609 2348 618 “

365 684 470 748 dicens
492 693 562 770 post
582 684 789 748 testimonium
810 683 986 748 scribturae.
1013 685 1122 751 ludam
1153 684 1271 750 intincti
1302 688 1388 774 panis
1422 688 1615 774 porrectione
1645 689 1798 784 significet
1828 701 1858 756 et
1889 689 2053 778 discipulos
2090 692 2298 778 multipliciter

368 820 494 881 getrymed
511 819 561 868 bit
744 833 776 868 ue
811 819 847 868 sie
866 821 979 882 gestyred
1015 821 1099 870 nosrta
1150 825 1231 872 iucrrs
1284 823 1356 873 cumb
1393 823 1460 872 ’brem
1478 822 1592 883 'bognum
1635 825 1658 870 ic
1707 838 1747 872 am
1782 838 1846 886 uoag
1881 824 2053 876 soeraestnisss
2086 823 2103 886 Ἰ
2157 828 2189 878 lif
2233 829 2295 878 saba

378 908 545 962 exortatur.
598 919 696 962 xxxv.
720 896 793 961 Nou
825 898 966 963 turbetur
1023 921 1077 964 cor
1117 910 1255 966 uestrum
1297 903 1339 966 ait
1416 899 1571 987 discipulis
1613 922 1672 988 ego
1695 923 1764 966 sum
1791 903 1842 966 uia
1898 903 2027 992 ¹ueritus
2081 914 2112 970 et
2141 905 2205 969 uita
2241 907 2296 992 qui

362 1033 448 1095 gestit
482 1049 535 1084 msc
570 1033 660 1096 gesiy'b
695 1047 729 1084 aa
764 1033 833 1084 'donc
851 1035 926 1086 tader
968 1037 992 1084 io
1030 1037 1057 1083 in
1093 1036 1161 1085 tader
1195 1031 1211 1094 Ἰ
1247 1036 1317 1085 tuder
1351 1039 1378 1085 in
1412 1049 1465 1084 msc
1522 1050 1572 1084 sua
1588 1037 1660 1085 buaed
1704 1038 1744 1098 gie
1762 1039 1887 1099 gegiaua'd
1922 1039 1949 1087 in
2003 1053 2077 1089 nomo
2120 1041 2215 1088 minum
2242 1040 2286 1090 ’bie

367 1114 443 1178 uidit
482 1137 533 1178 me
580 1112 657 1177 uidit
696 1119 727 1176 et
777 1122 906 1199 patrem.
949 1135 1008 1200 ego
1028 1115 1060 1177 in
1083 1121 1171 1201 patre
1192 1125 1222 1178 et
1241 1115 1383 1202 pataria
1407 1136 1466 1179 me.
1489 1115 1695 1201 quodcunque
1735 1117 1880 1202 petieritis
1921 1117 1953 1180 in
1982 1119 2108 1183 nominc
2133 1139 2203 1182 meo
2234 1118 2296 1183 hec

363 1268 386 1314 ic
404 1266 476 1315 dcem
704 1266 836 1313 Infandum
888 1265 945 1314 bine
998 1266 1110 1328 'deguum
1197 1264 1326 1326 Jbtbodo
1396 1267 1548 1316 haldendum
1625 1267 1737 1316 rummbd
1824 1269 1911 1330 gsbsbt
1964 1272 2028 1318 from
2062 1272 2130 1320 feder
2163 1284 2295 1332 noeterc-

364 1345 482 1408 faciam.
526 1343 870 1430 xxxr1.Diligentibns
902 1365 935 1407 se
977 1344 1132 1433 discipulis
1152 1344 1358 1432 mandataque
1378 1347 1571 1410 sernentibus
1591 1345 1779 1433 paracletum
1800 1348 1948 1433 promittit
1990 1372 2008 1412 a
2050 1359 2137 1436 patre
2175 1351 2296 1415 mitten-

367 1498 461 1548 ssnded
530 1494 689 1556 qunande
759 1497 816 1545 mid
850 1497 901 1545 him
936 1496 963 1542 in
1034 1511 1119 1544 ecness
1190 1494 1287 1556 Jhiue
1351 1499 1388 1546 sib
1441 1499 1548 1560 gcseslla
1581 1497 1634 1546 blm
1701 1494 1775 1556 Jslb
1896 1489 1956 1548 flete
2057 1501 2160 1562 gebeton
2177 1503 2225 1552 bit
2240 1503 2251 1550 l
2268 1506 2294 1551 is

326 1579 346 1641 5
379 1577 454 1640 dum
493 1595 733 1660 mansurumque
755 1596 823 1638 cnm
855 1575 897 1638 eis
933 1574 966 1637 in
997 1583 1156 1638 aeteruum
1187 1597 1282 1660 seque
1311 1597 1419 1662 pacem
1461 1576 1535 1640 dere
1583 1574 1626 1639 eis
1647 1598 1816 1662 pacemque
1835 1577 2011 1663 relinquere
2090 1579 2267 1666 pollicetur.-

515 1728 574 1775 biue
608 1727 702 1776 scollus
837 1723 853 1784 Ἰ
891 1725 960 1778 bone
976 1726 1046 1778 tader
1079 1728 1231 1778 londbuaend
1266 1727 1404 1778 curabonds
1441 1725 1582 1790 Jeaeetg
1595 1726 1648 1786 (stc)
1700 1729 1783 1790 palmo
1838 1730 1898 1777 buta
1923 1731 1980 1779 bine
2015 1731 2076 1780 nont
2110 1730 2152 1798 lna
2186 1703 2292 1794 geurien

364 1829 487 1872 xxxvn.
522 1804 565 1871 Se
596 1805 694 1892 ipsum
722 1803 816 1868 uitem
837 1814 867 1868 ct
907 1815 1027 1891 patrem
1075 1807 1244 1892 agricolam
1286 1807 1390 1870 dicens
1417 1805 1645 1894 discipulosque
1663 1806 1803 1892 palmites
1831 1807 1898 1872 sine
1929 1830 1964 1874 se
2000 1809 2079 1874 nihil
2100 1831 2152 1876 eos
2184 1811 2284 1878 leuare

372 1957 448 2004 megs
491 1942 622 2006 gatryme't
656 1937 672 1999 Ἰ
709 1942 835 2000 menigum
896 1940 1015 1988 reordens
1067 1947 1163 1990 costum
1180 1943 1191 1988 i
1210 1945 1294 1992 uisum
1334 1943 1454 1992 tultellicc
1488 1942 1540 1991 bim
1627 1943 1682 1990 tutu
1767 1942 1894 1993 tubecus’t
1930 1944 1982 1994 tes
2016 1945 2159 2007 beamunge
2193 1961 2280 2010 magon

360 2044 450 2108 posse
488 2031 615 2086 testatur
649 2029 679 2082 ct
712 2018 817 2081 multis
842 2017 1033 2086 locutionum
1114 2021 1215 2085 modis
1310 2021 1461 2086 alternam
1482 2021 1524 2086 eis
1546 2018 1740 2086 dilectionem
1761 2019 1895 2086 inculcat
1915 2022 2000 2086 cuins
2028 2025 2138 2090 merito
2165 2037 2292 2112 possent

394 2172 444 2208 sna
463 2158 535 2208 bured
586 2157 629 2204 hia
646 2155 766 2217 gebiddas
816 2156 931 2215 begeetts
1162 2158 1197 2208 te
1214 2159 1262 2207 ilcr
1365 2160 1420 2208 lure
1507 2157 1582 2208 suite
1600 2159 1654 2206 fast
1748 2157 1840 2206 bebsad
1961 2165 1988 2207 to
2005 2148 2144 2222 lhygcsnne
2203 2161 2278 2212 teras

368 2238 582 2324 quodcumque
613 2235 756 2322 petierint
792 2234 965 2316 impetrare.
986 2256 1125 2298 xxxunr.
1140 2235 1281 2302 Eandem
1296 2236 1490 2302 dilectionem
1504 2235 1665 2300 instantius
1687 2234 1904 2300 commendans
1925 2239 2182 2304 contemnendum
2203 2245 2291 2308 docet

368 2376 453 2434 siunge
488 2373 608 2434 middang
659 2361 758 2420 farnad
825 2370 917 2420 bulueo
970 2359 993 2418 le
1051 2371 1089 2418 bis
1148 2385 1224 2420 nome
1267 2385 1360 2422 necron
1404 2372 1520 2422 'emunda
1566 2369 1582 2431 1
1619 2360 1785 2446 ῇῖοιιοεᾱυο
1862 2368 1966 2419 middin
2008 2373 2044 2420 ἠδ
2094 2376 2198 2424 rumede
2256 2379 2282 2426 ot

360 2453 465 2518 odium
491 2451 600 2516 mundi
629 2449 798 2538 praedicens
820 2447 924 2534 qualia
950 2469 1008 2534 pro
1036 2449 1101 2514 eius
1129 2450 1254 2514 nornine
1294 2451 1356 2517 sint
1407 2449 1526 2537 passuri
1564 2459 1594 2514 et
1622 2449 1783 2536 arguenda
1835 2450 1986 2514 mundum
2015 2474 2034 2513 e
2063 2453 2219 2538 paracleto
2250 2455 2288 2518 dc

370 2602 461 2651 synna
523 2591 550 2635 of
582 2586 758 2650 eyo’btastuisc
792 2580 808 2642 Ἰ
851 2586 878 2631 os
919 2583 992 2632 dorne
1069 2585 1190 2637 edesus’b
1396 2625 1398 2632 .
1430 2585 1492 2646 lytle
1509 2586 1578 2634 bnile
1617 2582 1633 2644 Ἰ
1670 2599 1758 2646 gessae
1777 2599 1838 2635 were
1872 2586 1931 2634 bins
1966 2586 2039 2636 cue't
2073 2589 2138 2638 from
2172 2577 2225 2638 blm
2261 2587 2278 2648 Ἰ

301 2670 341 2733 10
364 2677 489 2754 peccato
512 2667 552 2728 de
619 2663 732 2728 iustitia
791 2673 821 2728 et
841 2663 881 2726 de
901 2662 1013 2726 indicio
1034 2663 1217 2728 manifestat.
1253 2685 1406 2728 xxxvrur.
1426 2662 1585 2728 Modicum
1612 2673 1642 2728 et
1670 2661 1839 2730 uidendum
1891 2684 1925 2730 se
1966 2663 2039 2727 dicit
2085 2666 2125 2729 ab
2175 2667 2217 2732 eis
2259 2679 2289 2734 et

367 2795 466 2852 stlsonn
532 2801 637 2864 lythuon
694 2796 710 2858 Ἰ
761 2811 792 2848 ne
844 2811 903 2847 uere
921 2811 1009 2860 gaesus
1053 2800 1082 2848 οἰ
1121 2798 1176 2849 'bon
1251 2800 1401 2848 soecendum
1485 2799 1596 2862 'bagnum
1705 2800 1801 2860 ougclic
1939 2799 2008 2848 visas
2082 2791 2131 2848 etl
2162 2803 2289 2852 accnuime

360 2882 471 2946 iterum
503 2879 658 2944 modicum
691 2889 721 2944 ct
751 2900 815 2944 uon
846 2875 1014 2942 uidendum
1049 2877 1088 2944 de
1120 2901 1181 2963 quo
1213 2878 1429 2964 quaerentibus
1457 2878 1612 2965 discipulis
1640 2875 1870 2942 similitudinem
1901 2875 2038 2940 mulieris
2065 2887 2137 2962 post
2166 2891 2290 2964 partum

356 3017 499 3066 unrotnlsss
555 3005 578 3065 lc
630 3016 747 3076 gladnise
790 3029 821 3064 ue
892 3017 926 3064 stt
944 3014 1084 3078 gsmyndig·
1128 3015 1239 3066 inladeb
1275 3013 1311 3064 'da
1328 3015 1376 3062 iles
1417 3011 1433 3073 Ἰ
1470 3017 1507 3064 tre
1547 3014 1616 3062 seder
1649 3021 1674 3062 to
1692 3013 1793 3060 lufanne
1845 3012 1966 3074 gabaona·
2061 3013 2161 3074 getriab
2231 3015 2288 3066 bins

358 3095 496 3160 nistitiee
527 3117 602 3181 prae
633 3094 748 3182 gaudio
779 3115 843 3157 non
873 3094 1095 3162 reminiscentis
1123 3094 1242 3160 inducit
1291 3115 1367 3180 quos
1409 3105 1440 3158 et
1479 3117 1497 3157 a
1539 3103 1625 3180 petre
1676 3091 1773 3156 amari
1815 3087 1991 3175 significans
2019 3091 2200 3159 corroborat
2234 3115 2268 3160 se

377 3235 411 3280 est
429 3221 507 3280 natac
560 3229 642 3280 cuoe'e
677 3231 705 3278 tn
744 3229 848 3278 middafi
900 3219 1040 3291 olsui'buug
1082 3231 1121 3290 gia
1139 3229 1223 3280 natae
1258 3230 1289 3278 eh
1348 3228 1448 3292 galerus
1510 3229 1534 3275 ie
1567 3217 1679 3276 lcucml
1732 3225 1834 3276 middefi
2041 3233 2068 3276 to
2135 3229 2218 3279 taedet
2260 3235 2286 3280 el

360 3311 524 3378 relicturos
551 3308 656 3374 dicens
677 3307 709 3370 in
737 3304 852 3370 mundo
871 3326 1055 3392 praessuram
1075 3308 1225 3374 habebitis
1246 3308 1300 3373 sed
1322 3308 1466 3374 confidite
1486 3327 1545 3392 ego
1596 3307 1656 3369 uici
1707 3305 1866 3370 mundum.
1928 3327 1981 3368 xe.
2023 3303 2078 3370 Ad
2107 3318 2226 3394 petrem
2244 3309 2280 3372 de

423 3449 520 3498 breniae
606 3447 644 3494 bis
679 3456 784 3506 gespraec
857 3441 953 3502 tegnas
1004 3441 1181 3508 longuuga]
1221 3443 1389 3506 monigfellicc
1439 3431 1604 3502 foastrylging
1680 3440 1802 3492 bebeadas
1871 3442 1997 3506 thrauung
2066 3456 2128 3492 sona
2187 3443 2273 3504 mss,

355 3525 571 3590 clarificatione
591 3546 648 3590 sua
667 3523 796 3609 loquens
818 3520 983 3608 discipulos
1002 3523 1125 3609 prolixe
1153 3533 1183 3587 et
1209 3521 1393 3588 multimoda
1411 3518 1625 3605 prosecutione
1646 3519 1840 3584 commendet
1859 3521 2001 3607 passione
2021 3521 2160 3610 protinus
2206 3521 2246 3586 in·

363 3663 486 3722 gebiotats
695 3657 814 3706 selenises
882 3652 897 3712 Ἰ
936 3656 1082 3716 stanenges
1126 3657 1165 3704 bis
1200 3657 1265 3706 ’corb
1299 3653 1477 3704 endebrsdniec
1511 3654 1610 3703 uundra
1626 3654 1638 3701 t
1657 3653 1721 3702 dedo
1756 3655 1846 3716 asscgd
1864 3668 1925 3703 aron
2160 3657 2243 3706 eristen

294 3737 498 3805 rennuente.
556 3761 628 3820 xnn
654 3733 841 3800 Traditionie
870 3754 906 3796 ae
933 3733 1082 3820 passionis
1111 3735 1175 3798 eius
1201 3755 1258 3822 per
1324 3733 1464 3798 ordinem
1566 3743 1653 3819 gesta
1754 3741 1927 3796 narrantur.
2000 3756 2079 3799 xnrr.
2121 3735 2283 3800 Resurrcc

519 3874 583 3936 gella
667 3835 843 3921 caraunus}
878 3869 996 3918 ascseden
1015 3871 1064 3920 ist
1111 3859 1178 3920 ison
1235 3871 1312 3918 maria
1347 3871 1393 3920 ’dio
1413 3869 1595 3931 magdalenisca
1738 3864 1755 3925 l
1963 3870 2055 3930 sacgc’d
2089 3870 2284 3920 underntcnmns

352 3953 443 4018 tionis
476 3953 616 4017 similiter
644 3948 848 4014 manifestatio
880 3947 1053 4012 declaratur
1112 3948 1184 4036 quia
1222 3949 1321 4014 Maria
1383 3947 1569 4036 Magdelene
1609 3945 1703 4011 Petro
1732 3955 1763 4010 ct
1787 3945 1922 4010 lohanni
1953 3947 2072 4012 nuntiat
2109 3949 2263 4014 sublatum

362 4091 468 4140 tichoma
504 4092 530 4139 ot
604 4090 730 4149 byrgcnns
819 4083 886 4133 ’tem
983 4086 1134 4133 tomandum
1213 4081 1230 4142 Ἰ
1268 4087 1303 4132 eft
1321 4085 1465 4135 cenandum
1500 4084 1536 4133 ’ta
1553 4085 1602 4132 ilos
1637 4075 1683 4131 etl
1718 4081 1784 4131 aare
1802 4083 1913 4142 angelica
1955 4083 2063 4144 gesih’co
2117 4099 2206 4146 gmene
2249 4087 2284 4134 tre

354 4187 464 4261 corpus
497 4167 536 4231 de
565 4171 764 4230 monumento
797 4161 908 4248 quibus
940 4163 1171 4228 occurrentibus
1208 4185 1244 4225 ac
1302 4164 1434 4227 reuersis
1517 4162 1583 4250 ipsa
1625 4167 1695 4246 post
1726 4159 1898 4244 angelicam
1947 4162 2066 4228 uisicne
2111 4164 2213 4228 uisum
2255 4185 2273 4226 a

352 4287 403 4392 nul
431 4331 499 4389 dribt
534 4337 691 4388 htuwoende
766 4334 868 4383 lecuord
925 4333 1020 4394 mibby
1053 4345 1114 4381 sona
1149 4343 1200 4380 uae
1218 4335 1324 4390 engeten
1359 4331 1502 4391 gobstsuie
1554 4331 1666 4392 ³regnum
1718 4276 1880 4396 gerascecluns
1956 4345 1978 4358 ··
2082 4329 2179 4392 mt’bby
2220 4331 2283 4380 duro

354 4391 393 4484 se¹
418 4419 491 4483 dnm
540 4417 682 4481 estimans
702 4412 901 4478 hortulanum
936 4434 997 4498 quo
1040 4433 1114 4475 mox
1172 4409 1296 4496 cognito
1363 4407 1486 4471 iubetur
1524 4407 1680 4498 discipulis
1721 4408 1871 4472 nuntiare.
1946 4429 2039 4472 xum.
2082 4407 2162 4473 Cum
2200 4409 2283 4474 fores

362 4569 456 4605 uocron
500 4554 578 4616 tyndo
631 4565 738 4600 cuomon
777 4557 803 4598 to
840 4550 906 4600 'tiam
925 4548 1036 4608 ’bagnum
1070 4547 1125 4594 stbb
1167 4545 1283 4605 gebrobte
1318 4543 1374 4592 mi’t
1392 4544 1503 4593 nondum
1537 4543 1650 4606 Negla
1683 4545 1780 4607 mt’e’ty
1798 4544 1914 4594 aedeauds
1950 4546 1977 4592 ot
1993 4543 2059 4594 bem
2093 4545 2120 4592 tn
2143 4545 2273 4606 lnblsuing

358 4642 459 4700 essent
482 4632 602 4696 clausae
625 4630 751 4694 ueniens
772 4627 812 4692 ad
860 4625 1025 4712 discipulos
1046 4643 1154 4710 pacem
1181 4622 1272 4686 infert
1334 4623 1475 4686 manibus
1513 4619 1671 4708 lateraque
1712 4631 1881 4687 monstrato
1944 4623 2055 4707 quibus
2089 4621 2281 4688 insuflationa

368 4765 497 4830 gabscne’b
539 4772 592 4826 gest
625 4764 694 4825 bslig
733 4766 768 4812 eft
820 4727 866 4812 rest
900 4761 991 4820 degum
1016 4760 1098 4808 aehtuu
1287 4759 1435 4817 insceauugc
1493 4759 1505 4804 l
1538 4757 1595 4806 mi’e
1607 4758 1904 4820 rintgtml'b'dygebrsn
1932 4759 2070 4808 nemeina
2164 4759 2247 4808 baud·

292 4851 333 4912 20
354 4847 507 4934 significet
527 4849 596 4928 epm
624 4849 688 4906 sitm
708 4843 785 4907 item
805 4847 875 4927 post
914 4839 979 4902 dies
1020 4847 1089 4901 octo
1110 4835 1247 4900 Thomas
1261 4834 1449 4923 inspectione
1471 4835 1522 4900 uel
1672 4847 1755 4901 tectu
1943 4837 2048 4902 leteris
2080 4859 2117 4902 ee
2132 4858 2281 4901 mannum

353 4977 536 5045 clnrgetrymed
555 4993 606 5028 uas
640 4978 788 5054 probardo
824 4975 900 5034 eadgo
918 4971 1000 5021 bibon
1036 4969 1109 5020 'eabe
1143 4987 1174 5021 ue
1226 4985 1334 5033 gesegon
1375 4966 1392 5028 {l
1463 4970 1578 5030 galardon
1871 4972 1987 5021 adserta
2026 4971 2085 5020 bine
2118 4965 2218 5023 eflsona
2251 4982 2278 5022 to

380 5061 579 5126 confirmetur
655 5055 781 5120 audieus
874 5051 953 5116 beati
1046 5051 1099 5137 qui
1123 5071 1187 5114 non
1207 5049 1351 5114 uiderunt
1371 5058 1402 5114 et
1422 5048 1626 5118 crediderint
1690 5075 1796 5116 xnurr.
1835 5049 2012 5118 Mandant
2041 5071 2075 5116 se
2107 5050 2279 5118 iterumad

335 5250 357 5295 7.
375 5247 391 5292 1.
409 5257 541 5304 straunge.
576 5245 600 5292 9.
617 5244 633 5290 l.
651 5240 790 5292 brancudo.
827 5243 866 5288 10.
883 5240 900 5287 l.
917 5237 1082 5288 subtermissa.
1119 5239 1159 5287 12.
1177 5239 1193 5284 l.
1211 5235 1377 5297 garumnae.
1416 5241 1630 5288 lt.l.brshtnise
1650 5240 1962 5303 {pertubationum
1992 5241 2275 5294 readunatione.

376 5334 404 5380 ut
420 5343 519 5392 κωρσ.
556 5329 598 5379 18.
615 5325 631 5374 l
649 5338 702 5376 me
721 5323 856 5376 &stimat
874 5322 949 5386 miby
966 5322 1018 5374 MS.
1497 5349 1500 5358 ·
