4966 6294
1546 183 1690 268 aaa.
1709 183 1972 280 Musca.

1053 442 1306 517 ...45-.

199 646 238 693 hit
296 643 430 706 bispellum
584 638 599 698 Ἰ
637 638 715 689 mli
749 645 775 688 l⁰
794 639 846 688 him
880 652 930 687 m
965 637 1023 697 00]
1062 654 1091 698 μ
1179 641 1279 702 unbogu
1361 653 1461 702 arengo
1513 653 1544 688 ne
1579 637 1637 688 ml’e
1650 638 1871 699 'dyonenavasge
1906 638 2000 688 terdon
2054 639 2101 686 allo

183 725 247 788 eius
267 721 458 811 parabolam.
503 723 551 784 18.
573 719 614 784 Et
652 718 695 782 eit
770 716 831 780 illis
882 717 926 782 sio
977 726 1007 780 et
1050 739 1105 782 uos
1126 719 1336 806 imprudentes
1359 718 1454 783 estis?
1489 741 1551 782 non
1642 717 1812 804 intelligitis
1919 717 1991 804 quia
2026 738 2118 782 omne

259 867 303 909 uto
412 860 440 906 in
459 857 519 907 eodo
563 857 589 905 in
626 855 694 906 bone
712 867 802 904 menno
849 867 880 902 ne
929 867 1005 914 megs
1044 855 1102 904 bine
1178 857 1304 917 giwidliga
1475 854 1569 903 soreos
1613 868 1644 903 ue
1701 854 1781 915 rugae
1817 858 1843 904 in
1878 855 1962 904 beante
1997 855 2035 903 bis
2071 855 2102 902 ab

183 939 374 1005 extrinsecus
392 937 541 1002 introiens
562 936 595 999 in
636 934 793 1000 homiuem
831 954 896 997 nou
916 942 1018 1020 potest
1038 956 1108 1000 eum
1131 935 1359 999 communicare
1403 933 1451 998 19.
1491 934 1563 1018 quia
1599 955 1662 997 non
1695 933 1789 998 intrat
1814 932 1846 996 in
1893 956 1947 997 eor
1978 933 2043 998 cius
2064 931 2118 996 sed

183 1076 209 1123 iu
262 1077 358 1123 wamba
429 1085 437 1100 ⁴
529 1071 544 1133 Ἰ
581 1075 661 1138 tnnun
696 1077 833 1132 umanum
868 1075 897 1119 ut
912 1085 971 1131 gua
1012 1070 1123 1118 clenclas
1193 1071 1240 1118 alle
1292 1079 1370 1118 metas
1542 1069 1621 1119 cuae
1673 1070 1772 1118 wutudt
1822 1070 1918 1120 tor’dou
1962 1069 1998 1120 ’da
2017 1070 2051 1119 'de
2087 1071 2115 1117 ot

184 1154 215 1218 in
237 1163 378 1219 uentrem
412 1151 497 1216 uadit
522 1160 553 1216 et
606 1150 638 1213 in
692 1170 846 1213 secessum
889 1149 953 1212 exit
998 1171 1136 1235 purgans
1158 1170 1265 1212 omnes
1287 1148 1396 1213 escas?
1438 1149 1487 1212 20.
1509 1148 1643 1212 D1cebat
1668 1159 1769 1213 autem
1793 1149 1937 1234 quoniam
1970 1170 2049 1234 quse
2080 1146 2119 1211 de

219 1305 276 1340 rnen
352 1295 423 1350 uuas
476 1287 513 1337 ba
584 1285 723 1347 giwldligas
794 1285 831 1336 lio
850 1298 941 1334 monne
1077 1287 1142 1334 from
1185 1283 1347 1333 lounswordu
1391 1283 1483 1332 lorbou
1519 1286 1547 1332 ot
1588 1285 1671 1333 heorto
1754 1297 1847 1332 monna
1955 1296 2087 1344 sweauuga

186 1369 310 1434 homine
331 1377 446 1434 exeunt
467 1367 521 1429 illa
542 1365 770 1430 communicant
790 1363 956 1428 hominem.
999 1364 1049 1426 21.
1082 1363 1135 1427 Ab
1218 1364 1300 1426 intus
1396 1362 1477 1426 enim
1516 1363 1555 1426 de
1588 1364 1681 1428 eorde
1720 1364 1880 1427 hominum
1918 1363 2119 1449 cogitationes

211 1507 261 1568 ylel
320 1505 357 1554 ott
375 1501 468 1552 cumali
513 1503 588 1551 deme
607 1501 712 1562 giltgero
750 1500 842 1550 unreht
858 1501 952 1550 hamed
995 1499 1102 1550 morbus
1120 1499 1189 1560 slcgu
1324 1497 1440 1547 ’distento
1495 1500 1610 1561 gitaungo
1655 1499 1857 1548 uurebtwisulsse
1892 1499 2032 1547 eswicuisae
2066 1509 2114 1545 un·

185 1585 285 1650 malae
312 1580 485 1670 procedunt
536 1580 688 1648 adulteria
744 1579 961 1644 fornicationes
1003 1578 1169 1642 homicidia
1242 1578 1292 1641 22.
1333 1577 1415 1641 furta
1474 1578 1622 1642 auaritiae
1677 1580 1830 1664 nequitiae
1913 1579 2003 1643 dolus
2066 1578 2120 1641 im·
2161 1579 2181 1640 5

185 1720 334 1769 aeomtulnis
390 1732 434 1779 ogo
522 1717 573 1779 ylla
641 1716 799 1777 semisongu
860 1716 979 1776 olerbygd
1031 1716 1172 1765 unwlsdorn
1348 1712 1395 1762 alle
1471 1713 1520 1764 bas
1580 1716 1628 1777 ylel
1664 1717 1727 1764 from
1770 1716 1916 1765 louawordu
1957 1718 2010 1764 tore
2028 1712 2122 1764 eumad

185 1796 330 1885 pudicitia
359 1798 466 1862 oculus
500 1796 599 1860 malus
630 1795 822 1883 blasphemia
852 1796 997 1882 superbia
1037 1794 1172 1860 stultitia.
1234 1793 1284 1857 23.
1307 1791 1422 1859 Omnia
1452 1794 1529 1857 haec
1559 1794 1642 1857 mala
1680 1817 1699 1856 a
1796 1794 1878 1857 intus
1949 1792 2122 1880 procedunt

193 1930 209 1993 Ἰ
315 1933 402 1983 widlas
490 1933 558 1983 done
575 1945 668 1982 monuo
807 1930 823 1990 Ἰ
886 1932 923 1981 'da
1001 1947 1055 1982 aras
1124 1932 1206 1982 teerde
1242 1933 1270 1979 ln
1304 1933 1405 1991 glmnrd
1439 1932 1501 1991 tyris
1540 1929 1556 1990 Ἰ
1610 1930 1707 1980 sidonls
1751 1926 1766 1988 Ἰ
1839 1929 1927 1978 ineode
2032 1930 2079 1978 bus

186 2021 217 2076 ct
237 2011 463 2077 communicant
499 2011 664 2076 hominem.
723 2011 773 2076 24.
796 2008 838 2072 Et
868 2009 941 2076 inde
966 2033 1097 2097 surgens
1130 2010 1203 2074 abiit
1239 2011 1270 2074 in
1314 2008 1393 2074 fines
1431 2009 1510 2096 Tyri
1531 2021 1562 2074 et
1589 2008 1714 2075 Sidonis
1744 2021 1775 2074 et
1809 2009 1966 2093 ingressus
1994 2008 2121 2073 domum

186 2151 325 2209 nanigmen
378 2150 457 2200 walde
504 2153 571 2196 wuta
604 2145 620 2205 Ἰ
665 2161 696 2197 ne
730 2147 818 2196 mahte
852 2147 941 2208 gibela
1078 2146 1168 2223 pail
1205 2147 1300 2197 for'don
1335 2160 1397 2196 sona
1440 2144 1492 2221 15oe
1527 2145 1628 2207 giberde
1664 2147 1693 2194 ot
1725 2147 1776 2194 blm
1812 2144 1965 2194 hirst’dmo
2017 2143 2097 2193 hetdo

179 2227 342 2294 neminem
369 2228 467 2292 uoluit
494 2227 572 2290 scire
593 2239 624 2291 et
648 2249 712 2291 non
730 2226 829 2312 potuit
848 2226 952 2292 latere.
995 2229 1046 2293 25.
1067 2228 1180 2292 Mulier
1212 2227 1294 2290 enim
1321 2226 1421 2290 statim
1450 2234 1484 2288 ut
1522 2224 1640 2289 audiuit
1658 2225 1697 2290 de
1730 2247 1766 2289 eo
1840 2224 1926 2289 cuius
1987 2223 2122 2288 babebat

187 2363 275 2414 dotter
341 2371 396 2424 gast
490 2363 619 2412 anclanne
688 2362 799 2412 tnloerdc
833 2362 849 2421 Ἰ
903 2365 991 2414 torreo!
1043 2372 1070 2414 to
1104 2367 1183 2414 lotum
1226 2365 1265 2413 tls
1402 2358 1495 2421 Ἰπει
1530 2360 1629 2410 watudt
1663 2365 1707 2410 wil
1723 2361 1776 2411 'dart
1818 2360 1908 2410 baden
1944 2359 1998 2409 {aa
2013 2360 2122 2423 strophi-

202 2444 266 2508 filia
297 2443 438 2529 spiritum
461 2441 654 2506 immundum
682 2442 806 2506 intrauit
826 2452 857 2508 et
876 2444 1009 2530 procidit
1036 2445 1075 2508 ad
1097 2446 1191 2532 pedes
1211 2446 1285 2509 eius.
1328 2444 1377 2508 26.
1409 2443 1488 2507 Erat
1535 2442 1618 2506 enim
1658 2441 1770 2506 mulier
1796 2439 1921 2526 gentilis
1942 2437 2121 2526 Syrophoe

186 2579 257 2628 nlsca
326 2593 418 2640 cynnes
470 2577 486 2637 Ἰ
546 2579 656 2640 gibedun
705 2578 764 2628 blaa
798 2577 850 2654 'pte
886 2580 955 2631 bons
974 2580 1067 2629 diowul
1102 2582 1226 2644 temrpe
1261 2584 1290 2630 ol
1321 2579 1422 2630 doehter
1462 2579 1501 2627 tls
1654 2579 1684 2626 he
1720 2576 1798 2627 evall
1833 2585 1858 2626 to
1876 2577 1944 2627 'dnm
1978 2577 2023 2627 lett
2039 2577 2051 2625 t
2068 2577 2122 2626 blln

186 2659 269 2723 nissa
305 2681 430 2744 genere.
464 2671 495 2724 et
532 2659 664 2744 rogabat
694 2679 765 2722 eum
807 2668 841 2722 ut
873 2659 1069 2724 daemonium
1098 2659 1221 2725 eiiceret
1249 2661 1288 2724 de
1332 2659 1398 2723 lilia
1445 2657 1519 2722 eius.
1561 2658 1611 2721 27.
1634 2656 1698 2735 Qui
1718 2656 1796 2721 dixit
1865 2656 1910 2718 illi
2014 2657 2080 2720 sine
2144 2658 2184 2721 10

187 2799 254 2845 erist
296 2794 509 2854 seiungamus
545 2795 657 2845 basuuo
692 2809 723 2844 ne
772 2796 795 2843 la
830 2795 922 2844 forban
971 2797 1037 2854 good
1093 2804 1119 2845 to
1132 2798 1256 2846 onroaunc
1308 2797 1362 2844 hlal
1424 2793 1597 2844 &nsununa
1636 2790 1652 2850 Ἰ
1707 2792 1783 2840 sends
1834 2794 1947 2842 bandum
2072 2792 2123 2842 soli

187 2876 273 2960 prius
342 2874 471 2938 saunari
564 2874 645 2936 filios
682 2895 745 2938 non
766 2883 813 2937 est
840 2874 922 2938 enim
945 2875 1061 2938 bonum
1110 2897 1233 2939 sumere
1274 2896 1386 2961 panem
1438 2873 1573 2936 filiorum
1622 2883 1653 2937 et
1678 2875 1798 2937 mittere
1820 2873 1955 2937 canibus.
1998 2873 2048 2936 28.
2078 2874 2124 2937 At

195 3010 237 3058 blo
284 3009 445 3059 endaworade
488 3006 504 3067 Ἰ
550 3009 628 3057 caso
675 3009 727 3058 blm
766 3008 864 3057 uumdt
918 3011 943 3058 la
960 3009 1015 3059 drill
1063 3009 1156 3060 tarsos
1201 3008 1261 3069 sc]
1305 3012 1413 3073 bvslpas
1454 3011 1533 3058 under
1566 3006 1673 3058 bendum
1708 3011 1737 3058 ol
1773 3008 1930 3068 scresdungn
1983 3009 2028 3056 ldae
2047 3013 2099 3058 elas
2137 2992 2138 2995 Ἴ

187 3089 241 3151 ille
280 3089 439 3174 respondit
482 3096 513 3154 et
551 3087 629 3151 dixit
677 3087 723 3150 illi
764 3089 869 3174 utique
906 3089 1030 3154 domine
1077 3111 1150 3155 nam
1220 3101 1251 3154 et
1312 3090 1413 3154 catelli
1466 3089 1523 3154 sub
1571 3108 1679 3152 mensa
1705 3088 1744 3154 de
1808 3089 1895 3152 micis
1957 3087 2124 3154 comedunt

189 3226 252 3276 'dara
270 3226 365 3274 cnehta
550 3223 629 3273 crab
663 3229 690 3272 to
709 3223 748 3270 bir
800 3226 851 3272 lore
922 3223 1022 3273 bissum
1096 3226 1178 3274 verde
1255 3240 1301 3288 gu
1347 3224 1446 3284 joede
1502 3225 1537 3276 ’de
1558 3226 1651 3274 dioeul
1703 3227 1731 3276 ol
1764 3225 1866 3276 doehter
1900 3228 1952 3276 hire
2089 3224 2106 3284 Ἰ

187 3327 364 3392 puerorum.
414 3304 464 3368 29.
486 3302 528 3366 Et
565 3303 608 3366 ait
679 3303 725 3365 illi
766 3311 894 3390 propter
928 3304 1009 3367 hunc
1045 3325 1220 3369 sermonem
1242 3305 1322 3369 uade
1362 3305 1437 3370 exiit
1478 3305 1676 3372 daemonium
1706 3327 1725 3368 a
1785 3305 1851 3370 filia
1899 3316 1960 3370 tua.
2010 3307 2060 3370 30.
2082 3305 2124 3370 Et

187 3443 244 3492 mi'o
263 3443 300 3504 ’oy
333 3441 445 3502 gtloerde
460 3441 473 3488 l
490 3439 551 3488 eade
585 3445 612 3488 to
631 3441 693 3488 huss
830 3443 910 3500 girum
934 3441 942 3486 l
962 3441 1017 3486 salal
1054 3439 1079 3510 *p
1098 3441 1208 3500 magdon
1258 3442 1369 3500 liegaude
1431 3443 1483 3489 olor
1523 3442 1707 3491 beddetucsta
1741 3440 1758 3500 Ἰ
1805 3440 1858 3491 det
1876 3441 1969 3491 diowul
2013 3442 2042 3490 ot
2057 3441 2117 3490 eade

208 3543 279 3586 cum
381 3522 504 3586 abiisset
576 3519 703 3584 domum
725 3542 813 3584 suam
869 3521 989 3584 inuenit
1069 3521 1204 3606 pucilam
1237 3520 1383 3583 iacentem
1405 3543 1499 3607 supra
1561 3520 1675 3586 lectum
1734 3533 1765 3586 et
1785 3521 1981 3585 daemonium
2003 3519 2121 3586 exiisse.

272 3655 289 3714 Ἰ
336 3660 397 3706 atter
414 3671 475 3705 sona
515 3657 601 3705 toerde
649 3657 677 3705 ol
723 3657 825 3718 gimel-u
870 3664 935 3720 tyros
987 3671 1041 3706 cem
1091 3655 1154 3706 berla
1221 3658 1294 3706 sidon
1368 3663 1395 3706 to
1461 3671 1494 3706 aa
1585 3658 1678 3719 gallias
1730 3659 1816 3708 bltwllr
1851 3659 1965 3708 mlddum
1999 3660 2126 3718 almorum

189 3737 239 3800 31.
268 3735 309 3799 Et
350 3736 460 3800 iterum
503 3735 609 3800 exiens
640 3736 680 3799 de
716 3735 830 3800 finibus
861 3735 939 3822 Tyri
977 3735 1061 3800 uenit
1095 3757 1151 3822 per
1178 3733 1327 3800 Sidonem
1359 3736 1398 3799 ad
1430 3757 1517 3801 mare
1546 3734 1706 3804 Galilaeae
1737 3737 1818 3802 inter
1859 3737 1977 3802 medios
2018 3737 2096 3802 fines
2146 3739 2185 3802 15

191 3890 218 3936 os
233 3888 382 3950 decapolem
526 3884 543 3945 Ἰ
580 3893 606 3934 to
624 3881 734 3950 laddum
767 3886 819 3935 blm
879 3887 950 3936 dean
1012 3885 1028 3946 Ἰ
1083 3888 1174 3936 dumbs
1231 3884 1247 3945 Ἰ
1352 3888 1461 3948 gibedun
1557 3891 1616 3939 btne
1654 3889 1705 3965 ῇῑο
1739 3891 1878 3938 beonsette
1913 3889 1972 3937 hino
2017 3887 2099 3937 honde

189 3967 392 4054 Decapoleos.
435 3966 485 4030 32.
510 3963 550 4028 Et
576 3964 734 4028 adducunt
776 3966 805 4029 ei
845 3966 974 4030 surdum
1003 3977 1033 4028 ot
1064 3977 1183 4028 mutum
1223 3976 1254 4030 et
1283 3966 1528 4052 deprecabantur
1549 3990 1620 4034 eum
1661 3979 1695 4032 ut
1736 3969 1875 4056 imponat
1912 3967 1958 4030 illi
1989 3989 2124 4032 manum.

273 4117 290 4178 Ἰ
377 4125 403 4168 to
421 4119 506 4180 gigrap
592 4119 650 4164 hine
686 4119 714 4166 ol
749 4117 818 4168 bem
837 4118 922 4167 ’orento
957 4116 1096 4178 synderlice
1137 4117 1213 4166 sende
1254 4119 1346 4178 lingras
1397 4121 1436 4168 lale
1483 4122 1508 4169 iu
1553 4123 1681 4184 earllprlca
1734 4122 1773 4169 liis
1817 4120 1833 4181 Ἰ
1875 4123 1979 4183 gibleow
2031 4120 2116 4180 gihrau

188 4200 239 4263 33.
261 4197 303 4261 Et
323 4197 557 4284 apprehendens
584 4217 655 4260 eum
676 4195 716 4261 de
777 4197 869 4260 turba
963 4217 1103 4262 seorsum
1138 4197 1220 4260 misit
1240 4197 1353 4283 digitos
1377 4222 1449 4265 suos
1477 4200 1509 4264 in
1538 4201 1691 4265 auriculas
1720 4202 1784 4266 eius
1807 4211 1838 4267 et
1863 4221 2001 4288 expuens
2022 4199 2123 4285 tetigit

222 4359 301 4412 lunga
527 4347 544 4408 Ἰ
607 4353 699 4410 oulsug
759 4363 791 4398 on
827 4347 972 4406 baernum]
1179 4347 1195 4410 Ἰ
1232 4350 1312 4400 cumb
1346 4357 1373 4400 to
1387 4352 1439 4400 him
1663 4353 1715 4402 'tat
1764 4355 1786 4402 is
1839 4361 1865 4404 to
1884 4360 1963 4414 untyn
2097 4351 2113 4412 Ἰ

189 4430 329 4516 linguam
350 4431 423 4494 eius.
446 4430 496 4496 34.
512 4428 554 4492 Et
574 4429 742 4515 suspiciens
763 4429 795 4492 in
842 4428 962 4492 coelum
1002 4428 1151 4513 ingemuit
1171 4439 1202 4493 et
1250 4430 1293 4493 eit
1363 4429 1408 4492 illi
1450 4430 1638 4518 prphetha
1651 4431 1735 4517 quod
1757 4441 1803 4496 est
1823 4431 1993 4518 adaperire.
2021 4433 2070 4496 35.
2085 4431 2128 4496 Et

205 4595 267 4632 eona
332 4581 443 4642 outynde
479 4595 563 4629 vomu
613 4595 671 4629 earu
732 4578 770 4628 bis
820 4576 836 4638 Ἰ
879 4579 1015 4628 unbuuden
1061 4594 1114 4629 aas
1175 4583 1268 4642 giband
1357 4587 1434 4643 lunga
1494 4583 1532 4632 bls
1573 4581 1588 4643 Ἰ
1626 4585 1760 4648 sprccende
1779 4598 1834 4633 wass
1869 4585 1969 4634 rehtltce
2098 4581 2115 4643 Ἰ

188 4662 289 4726 statim
323 4669 447 4747 apertae
485 4669 558 4725 sunt
595 4682 686 4726 aures
718 4660 783 4724 eius
814 4669 845 4722 et
878 4658 1012 4724 solutum
1061 4669 1107 4724 est
1142 4659 1301 4724 uinculum
1330 4660 1455 4747 linguae
1477 4662 1541 4726 eius
1562 4674 1592 4727 et
1633 4665 1818 4751 loquebatur
1864 4675 1956 4730 reete.
2010 4666 2060 4730 36.
2082 4663 2125 4728 Et

222 4814 313 4863 bibead
378 4812 443 4862 'oum
461 4813 509 4862 llca
545 4813 597 4862 'bat
614 4812 645 4860 he
680 4813 787 4874 anlgum
805 4827 861 4862 meu
909 4813 1016 4874 strages
1068 4828 1118 4863 ewa
1137 4815 1204 4863 sule
1238 4815 1338 4864 wutudl
1372 4817 1424 4865 him
1508 4819 1606 4868 torbsad
1704 4831 1755 4866 swa
1806 4819 1902 4868 avitos
1936 4833 2003 4868 mara
2037 4817 2125 4868 lorber

188 4893 343 4979 praecepit
405 4891 467 4954 illis
571 4913 610 4954 ne
733 4892 783 4956 oui
886 4891 1030 4956 dicerent.
1077 4901 1193 4977 quanto
1233 4902 1336 4957 autem
1371 4895 1415 4960 eis
1456 4897 1662 4983 praecipiebat
1692 4907 1777 4961 tanto
1808 4899 1908 4984 magis
1940 4898 2009 4985 plus
2040 4918 2127 4984 prae·
2147 4899 2188 4962 20

188 5044 235 5092 hle
251 5045 370 5094 bodadun
510 5040 526 5102 Ἰ
564 5043 621 5092 hius
657 5045 686 5092 ol
702 5043 758 5094 eon
775 5043 864 5094 tardor
896 5051 922 5092 to
940 5043 1122 5105 givundradun
1161 5045 1211 5095 bur
1229 5046 1367 5096 cwe’dende
1407 5049 1452 5096 wel
1528 5050 1575 5097 alle
1638 5050 1702 5110 dyde
1742 5047 1758 5108 Ἰ
1823 5051 1893 5099 docte
1947 5049 2012 5111 dyde
2049 5048 2126 5100 'douc

208 5121 359 5186 dicabant.
418 5123 469 5188 37.
490 5121 532 5186 Et
571 5143 609 5187 eo
692 5122 822 5209 amplius
896 5122 1127 5188 admirabantur
1199 5125 1334 5190 dicentes
1386 5127 1466 5192 bene
1498 5126 1601 5192 omnia
1633 5129 1704 5194 lecit
1735 5140 1766 5196 et
1796 5128 1906 5194 surdos
1937 5128 2009 5194 lecit

188 5275 231 5326 tia
248 5275 344 5335 aberas
387 5271 403 5331 Ἰ
446 5273 544 5325 dumba
579 5289 685 5338 eprecun

209 5351 321 5418 audire
384 5363 415 5416 et
444 5364 545 5420 mutos
584 5355 681 5442 loqui.
744 5385 759 5394 -
